5240 6318
396 517 479 582 etv
638 515 1092 600 rnonnnomnnnpn
1119 513 1340 580 unumne
1365 515 1546 582 atenim
1568 511 1910 580 moraviensis.
1952 513 2059 578 cnr.
2084 515 2181 578 vm.
2282 487 2291 501 '

880 704 1056 765 Sacrorum
1078 698 1145 764 ritu
1165 697 1257 762 uario
1278 698 1469 784 templisque
1487 698 1604 762 dicatis

881 805 920 869 lu
940 825 1073 870 nemore
1093 802 1219 866 incluso
1239 802 1374 884 sculptis
1394 807 1434 868 de
1454 825 1615 867 mamere
1635 801 1761 886 templis

878 909 967 974 Aere
988 928 1070 971 cavo
1088 904 1205 988 positis
1225 905 1326 989 siguis
1346 905 1537 991 picturaque
1557 905 1643 972 inaui

880 1013 932 1076 Te
953 1024 1067 1096 gentes
1085 1010 1264 1096 populique
1284 1010 1396 1075 colunt
1416 1011 1477 1074 tibi
1499 1027 1574 1077 vota
1595 1031 1774 1096 precesque

881 1115 1070 1200 Suscipiunt
1091 1136 1273 1197 nomenque
1293 1129 1382 1180 tuum
1403 1137 1584 1202 nomenque
1604 1116 1776 1200 requirnnt
1896 1118 1936 1178 90

880 1223 933 1285 Ac
953 1221 1042 1284 velut
1063 1220 1096 1283 in
1118 1219 1259 1284 tenebris
1279 1233 1367 1284 errat
1387 1219 1442 1286 cui
1463 1223 1568 1286 lumen
1589 1227 1771 1302 ademptum

881 1325 987 1389 Sentit
1006 1331 1116 1390 adesse
1135 1323 1296 1390 hommem
1318 1325 1373 1407 qui
1394 1325 1434 1390 sit
1456 1326 1512 1388 ubi
1532 1325 1668 1410 denique
1688 1324 1781 1389 eistat

883 1427 998 1493 Nescit
1018 1441 1050 1492 et
1069 1427 1201 1511 ignarus
1220 1449 1281 1510 per
1299 1427 1405 1491 inania
1426 1431 1558 1494 brachia
1576 1430 1675 1494 iactat

880 1535 1047 1598 Prendere
1066 1531 1094 1596 si
1115 1532 1218 1614 possit
1237 1545 1422 1616 tactumque
1442 1531 1597 1598 adsistere
1616 1535 1727 1598 saltem

882 1639 959 1700 Non
981 1636 1075 1700 aliter
1093 1650 1206 1720 gentes
1228 1634 1332 1698 caecis
1352 1636 1519 1701 erroribus
1541 1649 1631 1702 actae
1897 1641 1935 1700 95

883 1743 971 1806 Ante
992 1740 1108 1805 oculos
1128 1739 1269 1823 positum
1290 1754 1446 1824 quaerunt
1468 1745 1523 1805 sed
1543 1741 1661 1807 lumine
1682 1761 1791 1806 cassae

889 1843 1106 1910 Transtiliunt
1127 1843 1229 1926 ipsum
1250 1865 1343 1928 quem
1365 1858 1523 1929 quaerunt
1544 1847 1666 1911 ludicra
1687 1855 1815 1928 captant

890 1949 1090 2034 Effigiesqne
1112 1948 1221 2014 locant
1240 1948 1347 2012 varias
1368 1961 1400 2012 et
1420 1948 1547 2014 uomina
1569 1949 1656 2014 mille

888 2053 1062 2136 imponunt
1081 2053 1137 2116 uni
1157 2052 1185 2114 si
1205 2050 1309 2134 possit
1329 2056 1439 2116 adesse
1459 2067 1596 2118 vocatus

886 2158 966 2222 lllos
987 2157 1081 2238 culpa
1101 2155 1218 2238 premit
1240 2153 1376 2240 gravior
1396 2156 1514 2240 quibos
1535 2159 1663 2222 adstetit
1682 2159 1752 2240 ipsc

887 2263 974 2326 Ante
995 2260 1114 2324 oculos
1131 2263 1249 2324 doctor
1270 2281 1365 2323 verus
1387 2260 1504 2344 quibus
1525 2281 1584 2326 ore
1605 2263 1732 2328 locutos
1886 2271 1944 2329 too

887 2367 980 2446 Quos
1000 2384 1098 2444 prece
1119 2385 1200 2447 qnos
1221 2363 1318 2428 dictis
1340 2365 1462 2429 monuit
1482 2387 1565 2448 qnos
1588 2365 1725 2451 deniqne
1745 2368 1841 2433 saetis

886 2468 958 2535 Nec
978 2467 1089 2531 videre
1109 2479 1217 2532 tamen
1237 2466 1326 2529 caeci
1347 2489 1420 2530 cnm
1442 2469 1544 2532 lumen
1566 2473 1690 2534 adesset
1712 2470 1743 2548 ¹)

889 2577 956 2639 Per
976 2573 1118 2653 populos
1138 2570 1261 2632 clarum
1283 2571 1376 2634 saetis
1398 2573 1566 2636 celebrans
1586 2575 1765 2655 genitorem

892 2679 1041 2759 Namque
1058 2675 1185 2738 iacebat
1205 2675 1302 2738 humo
1321 2676 1453 2757 pallenti
1474 2681 1632 2742 marcidos
1654 2701 1711 2743 ore

892 2777 956 2844 cui
976 2779 1079 2843 inerat
1100 2775 1222 2841 morbis
1243 2797 1364 2856 corpus
1386 2799 1542 2863 compage
1563 2783 1702 2844 solutum
1886 2793 1942 2851 105

889 2883 1106 2968 viventisque
1127 2881 1248 2944 animae
1269 2885 1386 2944 dudunt
1407 2883 1468 2944 iam
1491 2897 1615 2948 mortua
1637 2889 1776 2952 nrmnbra

890 2991 996 3072 Surge
1017 2987 1062 3049 ait
1083 2999 1177 3068 atque
1199 2983 1244 3046 tui
1267 2985 1326 3045 iam
1349 2984 1424 3048 lecti
1445 2986 1571 3050 baiulus
1592 3001 1661 3053 esto

892 3092 995 3155 Exilit
1016 3103 1111 3172 atque
1133 3091 1240 3151 alacer
1259 3086 1401 3150 humeris
1422 3090 1510 3152 vehit
1531 3091 1599 3174 ipse
1620 3094 1727 3158 cubile

893 3199 981 3258 Ecce
1003 3197 1190 3257 trahebatur
1211 3213 1324 3253 caccus
1346 3215 1439 3275 quem
1462 3194 1578 3259 lumine
1599 3209 1700 3260 mater
1712 3197 1759 3276 **)

894 3302 1049 3363 Ediderat
1070 3297 1200 3361 viduum
1221 3295 1397 3359 communis
1419 3296 1498 3361 lueis
1520 3312 1664 3378 egentem
1890 3313 1945 3372 tto

894 3407 970 3468 Non
992 3416 1094 3467 totum
1116 3413 1221 3464 natum
1244 3398 1351 3461 mundi
1372 3401 1444 3483 quia
1466 3415 1557 3482 parte
1578 3409 1707 3470 carebat

895 3509 940 3571 Ut
961 3507 1042 3570 vidit
1063 3505 1230 3570 miseratus
1252 3503 1307 3565 ait.
1329 3507 1415 3564 hunc
1436 3525 1570 3568 cernere
1590 3505 1666 3570 inssi

897 3611 1053 3676 Protinus
1075 3615 1114 3674 ad
1135 3608 1257 3671 caelum
1280 3627 1394 3667 caecus
1415 3627 1498 3669 nova
1522 3609 1637 3673 lumina
1660 3614 1758 3678 tollit.

424 3767 786 3784 *—

502 3865 532 3936 ··’·’·)
574 3865 629 3926 Ad
651 3867 823 3950 rnnrginem
846 3864 998 3928 librarius
1019 3862 1083 3944 legi
1105 3857 1209 3922 voluit
1231 3859 1357 3936 deipara.

484 3953 552 4032 t¹¹),
575 3960 629 4020 Ad
651 3959 824 4046 marginem
846 3959 972 4023 titulum
994 3961 1027 4018 de
1047 3976 1126 4018 coeco
1146 3965 1215 4014 noto
1237 3949 1390 4032 scriptum
1413 3955 1634 4034 deprehendis.

1267 4432 1581 4534 Corrigenda.

952 4625 1022 4701 Pag.
1042 4625 1101 4684 IV.
1120 4627 1174 4685 lin.
1215 4635 1239 4686 1.
1260 4649 1316 4704 pro
1335 4631 1515 4706 oplirnarurn
1532 4636 1589 4713 leg.
1610 4638 1809 4713 optimorum.

982 4751 998 4763 -
1050 4719 1109 4781 VI.
1138 4755 1154 4763 -
1200 4729 1242 4782 1³.
1278 4755 1294 4768 -
1336 4725 1418 4781 lanta
1545 4761 1562 4774 -
1614 4746 1710 4792 tnrrtn.

1059 4845 1075 4858 -
1131 4847 1146 4856 -
1191 4823 1236 4876 ts.
1272 4851 1288 4860 -
1333 4816 1461 4875 tibraria
1544 4859 1559 4868 -
1611 4824 1758 4886 libraria.

975 4935 991 4948 ·
1037 4903 1106 4964 vlt.
1131 4939 1148 4952 -
1191 4915 1236 4968 ts.
1273 4940 1290 4953 ·
1333 4911 1508 4970 interlineas
1544 4949 1559 4959 -
1612 4919 1819 4979 interlineas.

977 5027 991 5035 -
1043 4993 1100 5053 lx,
1134 5029 1150 5039 -
1194 5003 1236 5057 m.
1273 5033 1289 5046 ·
1333 5023 1392 5079 quo
1543 5040 1557 5054 ·
1610 5031 1679 5084 qno.

979 5120 996 5132 -
1047 5087 1087 5148 X.
1135 5122 1151 5132 -
1195 5099 1240 5152 ts.
1277 5125 1294 5138 -
1335 5097 1433 5156 indies
1545 5135 1561 5144 -
1614 5103 1743 5165 indies.

977 5209 993 5221 -
1026 5175 1114 5236 xlv.
1134 5215 1150 5223 -
1193 5189 1237 5244 ts.
1273 5220 1289 5230 ·
1333 5202 1475 5248 exsecato
1544 5225 1560 5237 -
1612 5210 1745 5254 exsecto.
