5240 6318
682 515 743 580 DE
767 513 955 582 CODIClS
975 515 1154 582 PA'l'RlA
1175 515 1237 580 ΕΤ
1260 515 1469 580 AETATE.
1511 513 1616 582 CAP.
1635 517 1717 582 Vll.
2092 521 2213 589 XLIX

195 691 331 766 uncinis
349 694 516 766 munitur.
576 699 654 767 Hoc
669 694 765 768 idern
780 694 826 768 de
841 694 939 768 delta
951 695 1054 770 valet.
1112 699 1291 798 Nusquam
1305 695 1602 798 interpunctionis
1616 693 1748 770 indicia
1764 695 2004 773 observantur.
2054 705 2214 801 Namque

193 817 363 916 punctulo
384 821 490 934 rerba
510 835 648 892 tanturn
675 818 856 892 dirimunt.
904 822 967 892 Est
985 837 1107 892 autem
1125 817 1215 894 liber
1232 837 1354 892 notter
1373 843 1417 890 ex
1438 817 1531 892 libro
1553 818 1716 906 mussas,
1743 819 1844 894 cuius
1870 820 2018 922 scriptio
2044 825 2215 906 continua

192 937 315 1027 brerit,
340 964 482 1016 necem
503 961 566 1016 est.
619 947 713 1014 liaeo
731 939 893 1016 universa
914 941 951 1014 id
981 943 1187 1029 effecerunt,
1221 959 1262 1014 ut
1281 966 1404 1015 omnes
1428 941 1495 1014 viri
1519 941 1635 1026 docti,
1672 943 1735 1042 qui
1761 944 1819 1019 tel
1841 943 1887 1016 de
1910 945 2138 1020 Boerneriani
2156 951 2215 1022 vel

193 1060 239 1134 de
258 1063 371 1138 nostri
393 1058 528 1140 codicis
555 1085 666 1138 aetate
688 1064 806 1138 adbuc
835 1065 1097 1153 iudicaverunt,
1131 1089 1230 1140 nono
1259 1091 1342 1137 eum
1363 1065 1505 1138 saeculo
1534 1063 1793 1166 adscripserint.
1840 1065 1909 1138 Sed
1945 1065 2051 1139 etiam
2084 1070 2214 1143 certius

98 1227 102 1234 ·
192 1205 438 1282 argumentum
464 1187 503 1260 id
533 1177 658 1274 sieut,
696 1188 796 1287 qnod
826 1189 1045 1290 psalmorum
1074 1189 1209 1276 codex,
1244 1187 1382 1262 Sedulr'i
1409 1187 1555 1262 nornine
1583 1187 1819 1289 subscriptis,
1852 1191 1928 1292 ipsa
1955 1191 2214 1292 subscriptione

191 1305 236 1377 ad
257 1307 400 1382 initium
418 1309 549 1383 saeculi
563 1311 652 1385 noni
668 1311 840 1412 pertinet,
865 1307 927 1410 qui
943 1334 1060 1386 tamen
1076 1313 1257 1388 literarum
1272 1315 1487 1387 Graecarum
1504 1311 1629 1386 babitu
1644 1312 1852 1411 neutiquam
1872 1313 2073 1386 remotioris
2093 1315 2215 1386 aetatis

190 1427 325 1503 indicia
352 1459 436 1534 prae
461 1461 497 1506 se
523 1435 600 1510 fert.

1124 1614 1158 1714 §-
1188 1614 1270 1689 121.

292 1775 402 1870 Quod
431 1775 542 1851 modo
568 1775 612 1848 de
639 1775 783 1850 Graecis
804 1775 972 1864 diximus,
1004 1777 1109 1852 etiam
1128 1777 1172 1850 dc
1195 1776 1326 1850 Latinis
1346 1775 1447 1849 valet.
1497 1777 1659 1876 Excepto
1681 1775 1800 1876 primo
1821 1776 2073 1874 quaternione,
2102 1803 2214 1874 quem

189 1898 239 1970 ad
265 1899 395 1973 saeculi
422 1897 553 1973 decimi
583 1899 724 1972 initium
751 1902 879 1973 referre
908 1901 1043 2001 placet,
1082 1901 1200 1976 omnia
1226 1926 1363 1974 nonum
1391 1899 1571 1972 saeculum
1600 1898 1707 1971 olent.
1769 1897 1878 1994 Quod
1907 1897 1944 1970 in
1967 1898 2111 1995 singulis
2139 1923 2215 1972 non

189 2048 314 2094 sumus
341 2019 544 2122 probaturi,
581 2049 692 2120 quum
717 2023 961 2125 exemplorum
987 2024 1131 2100 collatio
1159 2044 1278 2125 aperte
1301 2023 1437 2097 doceat.
1562 2106 1567 2114 Ι

1125 2207 1158 2307 ς.
1198 2202 1280 2274 rna.

290 2366 430 2458 Quodsi
452 2365 541 2438 haec
570 2394 653 2440 cunr
678 2366 720 2438 iis
745 2365 1007 2467 composueris,
1056 2389 1147 2461 quae
1180 2363 1291 2436 modo
1320 2361 1365 2435 dc
1394 2363 1517 2432 abbate
1543 2363 1731 2432 Hartmoto
1761 2359 1979 2430 coniecimus
2007 2359 2105 2429 -si
2131 2383 2217 2430 con·

191 2487 325 2559 iectura
355 2489 571 2562 nominanda
606 2511 674 2576 est,
716 2517 823 2588 quam
851 2488 1032 2564 veritatem
1058 2507 1214 2587 apertam
1238 2513 1303 2586 ego
1329 2483 1480 2558 dixerim
1495 2483 1620 2556 -vix
1642 2481 1856 2579 antiquitatis
1883 2481 2014 2552 librum
2044 2479 2216 2581 reperies,

197 2610 275 2706 qui,
312 2610 443 2684 scribae
464 2612 608 2686 nomine
631 2613 836 2700 destitutus,
876 2633 947 2684 tarn
970 2610 1074 2683 certis
1094 2608 1315 2710 temporibus
1344 2605 1509 2704 assignari
1534 2604 1657 2705 possit.
1708 2604 1744 2676 Si
1767 2602 1995 2704 opposueris,
2024 2627 2099 2675 non
2124 2605 2215 2673 bene

192 2731 386 2830 quadrare,
430 2735 547 2834 quod,
582 2764 692 2834 quum
721 2738 840 2836 plures
860 2733 993 2807 scribae
1020 2733 1163 2814 suerint,
1208 2751 1324 2802 tamen
1351 2727 1454 2799 unius
1476 2728 1621 2799 nomine
1648 2726 1824 2797 Hartmoti
1854 2723 2107 2808 subscribatur,
2143 2717 2217 2794 non

191 2881 338 2954 possum
369 2858 456 2955 quin
483 2857 640 2946 doleam,
670 2857 767 2957 quod
796 2877 831 2930 te
858 2857 984 2954 fugiat,
1029 2855 1092 2928 illo
1116 2876 1276 2953 tempore
1301 2849 1455 2924 dominis
1478 2847 1628 2920 adscribi
1648 2847 1793 2919 solitum
1815 2846 1939 2929 baisse,
1971 2843 2069 2940 quod
2096 2842 2215 2913 famuli

193 2979 328 3050 servire
353 2981 584 3080 perfecerant.
637 2981 726 3072 Quis
755 2979 849 3050 enim
874 3003 1030 3075 unquam
1053 2975 1119 3049 sibi
1139 2973 1365 3076 persuaserit,
1398 2975 1623 3043 Hartmotum
1657 2969 1774 3070 ampla
1800 2968 1860 3039 illa
1886 2965 2005 3039 omnia
2036 2962 2239 3036 volumina·

192 3128 255 3172 sua
287 3129 395 3174 manu
429 3127 602 3187 exarasse,
643 3128 733 3200 quae
767 3101 805 3173 in
845 3100 1017 3176 Goldaslr‘
1049 3100 1109 3171 lib.
1137 3098 1195 3170 cit.
1227 3121 1305 3194 pag.
1334 3094 1400 3180 29,
1437 3095 1500 3179 30,
1536 3095 1601 3176 31,
1633 3093 1711 3177 52„
1747 3092 1785 3162 in
1818 3089 1950 3163 Pertzt'r'
1975 3084 2216 3159 monumentis

192 3251 273 3323 pag.
304 3226 370 3312 70,
407 3225 466 3297 72.
502 3245 739 3298 recensentur.
790 3223 870 3297 Seio
896 3221 1063 3321 equidem
1089 3219 1199 3320 ipsius
1218 3215 1353 3290 codicis
1381 3214 1494 3288 nostri
1515 3214 1678 3314 exemplo
1708 3213 1854 3299 doctus,
1895 3211 2001 3283 huius
2025 3207 2217 3281 voluminis

191 3345 325 3418 librum
343 3345 401 3420 vix
419 3348 529 3446 pleno
550 3375 643 3421 anno
664 3347 804 3420 assiduo
827 3347 946 3418 labore
969 3343 1075 3446 periti
1100 3341 1231 3415 scribae
1256 3337 1381 3439 perfici
1402 3337 1571 3438 potuisse.
1624 3337 1720 3432 Quid
1746 3337 1861 3410 dicam
1884 3335 1928 3406 de
1949 3331 2068 3406 multis
2091 3327 2218 3400 biblio-

192 3470 316 3540 thecae
357 3471 584 3570 sangallensis
620 3470 877 3553 voluminibus,
924 3473 966 3539 ab
1017 3493 1090 3539 uno
1130 3469 1316 3536 Hartmoto
1354 3461 1518 3561 patratis,
1556 3460 1655 3532 cuius
1690 3479 1808 3531 tamen
1843 3481 1945 3528 curae
1979 3473 2052 3523 tota
2083 3448 2216 3521 abbatia

192 3591 404 3666 concredita
431 3615 522 3680 erat,
562 3593 694 3692 quique
727 3592 764 3664 in
792 3591 860 3693 piis
885 3591 1030 3692 insuper
1052 3586 1224 3662 exercitiis
1246 3584 1461 3658 desudabat?

1129 3792 1161 3890 ς,
1192 3791 1273 3860 ras.

292 3965 342 4032 Ne
366 3979 484 4031 tamen
508 3959 591 4032 istae
615 3979 695 4031 tuae
720 3984 823 4030 curae
846 3955 950 4029 nimis
974 3976 1007 4027 te
1030 3972 1208 4055 premant,
1240 3949 1453 4022 medicinam
1473 3945 1534 4017 tibi
1553 3941 1672 4046 paravi
1689 3935 1999 4041 sympatheticanr,
2027 3955 2109 4002 nam
2130 3926 2215 4000 solis

193 4082 309 4154 verbis
337 4097 495 4152 constat:
534 4079 773 4179 Ildephcrrsus
796 4083 843 4153 ab
866 4081 949 4154 Arx
970 4078 1013 4149 ad
1035 4077 1206 4176 liutperti
1223 4075 1328 4146 verba
1360 4069 1559 4168 „librorum
1583 4065 1687 4137 etiam
1714 4088 1788 4134 non
1812 4085 1955 4162 parvam
1986 4053 2134 4185 copiam·
2152 4050 2216 4120 sub

193 4205 324 4277 eodem
357 4205 478 4276 abbate
507 4208 710 4276 Hartmotus
740 4202 960 4306 composuit,
1001 4227 1156 4302 quorum
1180 4195 1325 4270 nomina
1347 4193 1437 4265 haec
1462 4217 1534 4263 esse
1563 4187 1649 4260 scias
1659 4201 1680 4233 “
1706 4184 1796 4256 haec
1821 4175 2016 4254 adnotavit:
2055 4169 2217 4242 Indrcem

194 4332 469 4425 subsequentem
496 4333 683 4426 Ratpertus
712 4354 754 4402 ex
782 4327 907 4402 codice
930 4323 1171 4424 manuscripto
1196 4347 1231 4392 n.
1258 4319 1327 4390 267
1352 4335 1530 4387 mutuatus
1553 4332 1621 4394 est,
1667 4309 1727 4379 ubi
1753 4307 1850 4377 hunc
1876 4299 2019 4372 titulum
2044 4291 2214 4423 praefert:

193 4456 269 4522 Hos
300 4450 411 4522 libros
437 4449 586 4550 patravit
620 4449 828 4524 Grimoldus
855 4453 941 4522 abba
966 4449 1006 4519 in
1038 4443 1250 4519 monasterio
1279 4445 1311 4512 S.
1335 4437 1429 4510 Galli
1451 4436 1489 4505 in
1516 4434 1639 4505 diebus
1667 4423 1871 4502 Hludowici
1903 4418 1992 4516 regis
2025 4418 2215 4484 Germame

193 4600 278 4645 curn
305 4571 483 4646 adiutorio
509 4573 695 4646 Hartmodi
718 4572 912 4675 praepositi
940 4571 995 4643 sui
1023 4595 1088 4672 per
1117 4591 1227 4639 annos
1256 4565 1302 4634 30
1328 4582 1363 4634 et
1390 4583 1514 4632 unum.
1577 4557 1628 4627 Cf.
1662 4550 1776 4624 Perta.
1800 4565 1959 4619 monum.
1980 4537 2003 4608 l.
2027 4561 2057 4603 c.
2096 4556 2132 4629 p.
2156 4531 2215 4601 70.

193 4714 272 4772 not.
299 4695 358 4766 63.
410 4694 509 4765 Idem
536 4693 775 4796 Ildepltonsus
797 4695 839 4766 ad
860 4693 1019 4792 Ratperti
1039 4690 1144 4762 verba
1171 4685 1375 4772 „librorum
1403 4707 1548 4780 quoque
1573 4704 1663 4778 quos
1689 4676 1749 4746 ille
1780 4663 2016 4798 (Hartmotu⁸)
2044 4653 2087 4726 ad
2118 4677 2217 4790 (ἔπ’

192 4842 341 4888 munem
374 4817 577 4890 monasterii
604 4817 791 4892 utilitatem
820 4842 886 4890 suo
916 4801 1076 4912 tempore
1101 4807 1268 4912 patravit,
1314 4806 1402 4878 haec
1430 4825 1512 4878 sunt
1534 4801 1708 4874 nomina“
1732 4792 1821 4868 haec
1849 4801 2005 4860 monurt:
2057 4775 2217 4848 Indicam

193 4943 468 5037 subffiquffltem
497 4946 685 5041 Ratpertus
704 4969 748 5016 ex
777 4939 905 5014 eodem
934 4933 1059 5009 codice
1085 4959 1120 5004 n.
1146 4931 1215 5002 267
1241 4925 1443 5027 descripsit,
1482 4925 1613 4998 omisso
1647 4918 1770 5004 titulo,
1804 4911 1867 5011 qui
1891 4907 1941 4980 sic
1966 4901 2097 5042 babet:
2143 4898 2217 4964 Hos

194 5088 281 5136 vero
311 5061 420 5135 libros
445 5059 542 5135 idem
568 5067 772 5138 Hartmotus
800 5081 884 5164 post
906 5055 1133 5131 Grimoldum
1160 5056 1246 5124 abba
1271 5049 1482 5122 constitutus
1504 5047 1569 5117 sub
1592 5040 1807 5118 illudowico
1832 5028 2038 5132 supradicto
2072 5041 2152 5113 rege
2182 5033 2218 5092 et

195 5186 272 5259 filio
302 5184 376 5257 eius
401 5184 535 5259 Karolo
559 5183 773 5286 imperatore
801 5183 839 5255 in
866 5181 989 5256 diebus
1014 5173 1191 5278 regiminis
1220 5175 1274 5246 sui
1291 5173 1401 5276 serit
1428 5167 1661 5244 conscribi.

317 5327 407 5388 reug.
428 5327 484 5373 oa.
502 5325 607 5386 nuru.
1683 5293 1697 5347 7
