5240 6318
394 408 585 478 XXXVlll
1219 409 1583 477 PROLEGDMENA

450 595 494 662 K.
546 589 646 661 Licet
663 588 756 688 apud
767 587 911 660 Latinos
928 585 1018 658 nibil
1038 588 1160 676 valeat,
1187 589 1281 689 apud
1298 617 1365 666 nos
1383 610 1500 664 umen
1508 583 1720 666 Alamannos
1732 618 1800 693 pro
1817 596 1981 678 aeGraeca
1990 595 2149 694 positum
2159 593 2322 668 chlenclte
2329 603 2356 697 1
2373 597 2412 696 ᾗ)

543 710 666 805 clange
687 711 851 782 clamitat.

453 837 511 929 L.5
547 831 685 906 Levore
715 835 872 907 laetatur.

450 962 499 1027 M.
544 953 767 1028 Mediocrsier
784 956 976 1028 melodiam
1002 958 1180 1030 moderari
1202 961 1436 1034 mendicando
1463 982 1646 1041 memorat,

452 1082 492 1149 N.
543 1073 682 1152 Nolare
713 1076 786 1150 hoc
816 1100 868 1151 est
898 1082 1068 1152 noscitare
1092 1080 1252 1155 notificat
1270 1084 1341 1175 iffi).

455 1203 497 1274 O.
550 1201 723 1296 Frssnrram
746 1202 806 1274 sui
832 1203 870 1273 in
895 1230 952 1274 ore
973 1215 1151 1275 contantes
1175 1204 1326 1279 ordinat.

455 1329 494 1395 P.
542 1321 761 1400 Pressionem
787 1325 844 1399 vel
865 1328 1084 1424 prensionem
1111 1326 1292 1426 praedicat
1312 1327 1407 1420 iffi)

455 1449 499 1540 Q.
550 1452 593 1517 In
617 1446 930 1544 significationibus
955 1469 1122 1521 notarum
1149 1475 1251 1550 quur,
1286 1451 1484 1550 quaeritur!
1536 1453 1657 1544 Quum
1686 1451 1790 1524 ctiam
1821 1451 1859 1522 in
1888 1450 2002 1524 verbis
2027 1451 2070 1523 ad
2099 1451 2188 1524 nibil
2215 1450 2309 1523 aliud
2338 1451 2422 1522 scri·

543 1569 660 1654 batur,
696 1569 764 1639 nisi
790 1591 830 1641 ut
854 1596 1005 1668 sequens
1029 1577 1069 1643 V.
1096 1571 1167 1645 vim
1195 1599 1294 1644 suam
1320 1574 1478 1645 amittere
1504 1595 1691 1672 quaeratur
1709 1573 1828 1674 effi).

453 1695 494 1762 lt.
543 1689 805 1766 Rectilodr'nem
833 1693 890 1764 vel
919 1720 1082 1766 rasuram
1108 1719 1183 1766 non
1210 1695 1412 1770 abolitionis
1437 1695 1499 1768 sed
1524 1697 1783 1797 caespitationis
1799 1700 1842 1795 †)
1877 1695 2012 1793 rogitat.

458 1816 491 1884 S.
549 1812 678 1886 &asom
701 1814 758 1886 vel
779 1841 920 1887 sorsum
945 1817 1110 1888 scandere
1134 1815 1259 1890 sibilat.

456 1941 498 2006 T.
554 1935 711 2009 Trahere
734 1939 789 2009 vel
812 1950 920 2009 tenere
945 1939 1073 2010 debere
1098 1959 1253 2012 testatur.

456 2064 496 2130 V.
548 2059 648 2131 Licet
673 2060 798 2130 amissa
816 2061 855 2130 in
883 2087 949 2132 suo
977 2061 1085 2132 veluti
1114 2061 1214 2133 valde
1242 2066 1317 2133 Van
1338 2065 1473 2134 Graeca
1496 2061 1553 2149 vel
1574 2066 1730 2136 Hebraea
1756 2064 1908 2136 velificat
1923 2065 2006 2160 -1-1).

454 2185 501 2252 Χ.
551 2182 719 2274 Quamvis
740 2183 862 2254 Latina
889 2187 992 2255 verba
1017 2210 1083 2282 per
1108 2210 1145 2255 se
1170 2209 1244 2256 non
1266 2186 1365 2282 1-1-1)
1395 2183 1559 2272 inchoet,
1586 2205 1704 2258 tamen
1725 2207 1924 2286 exspectare
1952 2185 2094 2285 expetit.

457 2309 495 2375 Y.
555 2304 661 2403 Apud
689 2306 834 2377 Latinos
862 2304 951 2376 nihil
978 2306 1164 2405 hymnizat.

457 2431 492 2496 Z.
554 2453 638 2499 vero
671 2427 755 2498 licet
785 2448 823 2498 et
850 2427 927 2526 ipsa
956 2455 1052 2500 mere
1082 2433 1217 2501 Graeca
1251 2450 1287 2500 et
1320 2433 1365 2502 ob
1401 2429 1438 2500 id
1471 2429 1565 2500 baud
1588 2431 1782 2502 necessaria
1808 2429 1991 2511 Romanis,
2027 2447 2177 2529 propter
2202 2424 2418 2526 praedictam

548 2570 664 2621 tamen
692 2557 733 2622 R.
760 2552 880 2623 literae
907 2551 1180 2651 occupationem
1206 2552 1250 2622 ad
1280 2552 1345 2622 alia
1374 2553 1536 2649 requirere
1562 2552 1599 2622 in
1626 2580 1689 2624 sua
1713 2553 1831 2652 lingua
1854 2554 1949 2624 ztir'se
1964 2554 2092 2649 -11-1-1)
2126 2546 2282 2645 requirit.

498 2669 708 2768 Ubicunque
737 2694 855 2744 autem
882 2673 971 2745 duae
1002 2675 1148 2746 veltres
1174 2696 1233 2746 aut
1256 2675 1375 2775 plures
1404 2673 1523 2745 literae
1545 2695 1729 2774 ponuntur
1751 2676 1789 2747 in
1814 2701 1887 2748 uno
1910 2675 2012 2762 loco,
2039 2699 2082 2745 ex
2103 2669 2285 2770 superiore
2307 2667 2419 2742 inter·

395 2789 612 2890 pretatione,
638 2793 858 2890 maximeque
878 2821 921 2866 ex
941 2795 1016 2881 illa,
1044 2824 1150 2893 quam
1182 2796 1226 2866 de
1249 2803 1285 2868 B.
1313 2795 1402 2880 dixi,
1430 2795 1516 2892 quid
1544 2797 1609 2868 sibi
1636 2797 1745 2869 velint
1771 2797 1870 2869 sacile
1890 2798 2050 2898 poterint
2068 2794 2211 2869 adverti.
2261 2792 2418 2862 Salutant

397 2931 431 2983 te
460 2913 601 2984 Ellinici
628 2915 747 2986 iratres
762 2915 835 3016 *†)
864 2938 1048 2989 monentes
1081 2938 1115 2989 te
1149 2917 1224 2989 fieri
1259 2918 1303 2988 de
1336 2915 1469 2986 ratione
1501 2919 1698 2990 embolismi
1728 2918 1892 3004 triennis,
1932 2937 1973 2989 ut
1995 2921 2125 3014 absque
2148 2940 2266 2987 errore
2292 2939 2418 3010 gnarus

399 3059 472 3105 esse
498 3037 611 3106 valeas
636 3037 790 3120 biennis,
826 3060 1033 3138 contempto
1059 3037 1183 3139 precio
1205 3039 1405 3112 divitiarum
1427 3039 1562 3110 Xerxis.

1352 3175 1385 3274 5.
1411 3176 1471 3249 92.

496 3307 635 3400 Quodsi
663 3309 798 3406 singula
826 3331 985 3382 accurate
1014 3313 1208 3413 expendas,
1243 3311 1340 3384 illico
1373 3312 1543 3411 reperies,
1578 3312 1680 3411 plura
1706 3313 1837 3398 inesse,
1891 3336 1980 3408 quae
2020 3310 2063 3380 ad
2096 3328 2240 3380 cantum
2270 3309 2417 3382 omnino

398 3455 473 3502 non
497 3450 665 3528 spectant.
718 3437 796 3502 Huc
820 3434 944 3520 resero,
977 3461 1065 3532 quae
1095 3435 1139 3506 ad
1171 3435 1288 3508 literas
1311 3437 1356 3528 Q.
1377 3440 1419 3507 R.
1447 3439 1484 3506 Z.
1506 3434 1601 3506 dicta
1625 3455 1716 3507 sunt.
1767 3437 1885 3527 Quare
1909 3432 2092 3518 existima,
2117 3429 2326 3512 Notletum,
2356 3426 2418 3497 bas

486 3681 519 3760 ³)
560 3685 634 3746 Hoc
656 3681 737 3744 idem
759 3683 884 3765 signum
905 3705 999 3766 saepe
1021 3683 1052 3747 in
1074 3683 1195 3749 codicis
1217 3683 1321 3748 nostri
1343 3695 1511 3750 contextu.
1555 3685 1616 3748 Est
1635 3685 1733 3746 idest.

470 3775 521 3852 ”)
562 3777 624 3838 Est
645 3775 746 3857 igitur
766 3789 909 3840 nostrum
932 3781 976 3841 N.
998 3778 1040 3841 B.
1062 3800 1101 3833 =
1121 3782 1313 3843 notabere.

448 3873 516 3946 aaa)
557 3871 649 3934 Hanc
669 3871 782 3933 lineam
804 3893 868 3935 non
896 3871 1055 3954 intelligo.

429 3960 520 4040 ΜΗ)
561 3963 662 4027 Plura
688 3964 864 4027 ernendavi.
907 3967 977 4029 Pro
998 3986 1050 4028 nrr
1069 3963 1185 4045 scripsi
1204 3985 1293 4048 quur,
1311 3985 1374 4046 pro
1394 3977 1552 4045 quanatcr
1569 3969 1732 4043 quaeritur,
1752 3984 1814 4045 pro
1834 3967 2178 4044 quaesitu-quaeratur.

481 4062 519 4136 †)
560 4059 606 4120 lta
629 4056 797 4142 legendum
820 4080 889 4123 esse
909 4057 1064 4123 coniicio.
1108 4059 1285 4140 Vulgarum
1307 4072 1355 4122 est
1374 4063 1564 4139 crispationis.
1604 4059 1703 4138 Quod
1722 4078 1816 4122 sensu
1834 4070 1935 4120 caret.
1979 4058 2030 4121 De
2052 4054 2232 4119 variatione
2246 4052 2318 4116 soni
2332 4051 2418 4114 eius·

560 4156 629 4214 dem
652 4155 753 4235 vulgo
775 4153 1040 4231 interpretantur.
1082 4153 1145 4214 Sed
1160 4152 1282 4227 nescio,
1304 4174 1370 4233 qno
1386 4173 1482 4215 nexu.
1524 4151 1687 4215 Sententia
1708 4165 1774 4216 est:
1803 4153 1846 4215 tt.
1868 4153 1991 4232 rogitat
2010 4148 2232 4214 rectitudinem
2255 4147 2306 4212 vel
2326 4165 2417 4208 rasu-

558 4268 626 4310 rant
646 4268 686 4302 =
707 4247 747 4309 tt.
771 4247 924 4321 ostendit,
965 4250 1099 4309 haerere
1121 4244 1288 4308 librarium
1309 4246 1349 4306 de
1379 4243 1513 4308 veritate
1533 4243 1667 4307 alicuius
1689 4247 1864 4308 verborum
1885 4259 2112 4310 contextorum
2133 4242 2247 4322 partis.
2290 4241 2334 4304 Ut
2355 4241 2418 4300 hoc

561 4339 680 4402 clarius
701 4341 792 4404 lieret
810 4341 952 4402 Notkenu
972 4338 1108 4404 addidit:
1143 4361 1210 4404 non
1235 4335 1423 4402 abolitionis
1450 4340 1507 4401 sed
1533 4337 1785 4418 caespitationis.
1826 4341 1970 4404 Rasurae
1996 4337 2078 4401 enirn
2099 4335 2256 4418 duplicem
2278 4331 2417 4416 speciem

561 4434 742 4498 distinxisse
772 4433 917 4510 videtur,
953 4435 1083 4498 alterato
1107 4455 1220 4512 verae,
1250 4433 1381 4496 alteram
1401 4434 1533 4495 lacunae
1554 4443 1687 4496 tantum.
1728 4433 1838 4512 Quare
1864 4433 1958 4511 dicit,
1992 4453 2027 4496 se
2051 4452 2117 4495 non
2143 4429 2251 4494 dicere
2272 4427 2416 4492 lacunam

561 4542 662 4593 natam
685 4529 874 4603 abolitione,
896 4530 952 4592 sed
973 4527 1171 4592 dubitatione
1191 4531 1231 4592 dc
1250 4526 1385 4591 veritate
1405 4525 1565 4591 lectionis.

452 4631 519 4707 ††)
560 4629 635 4690 Non
658 4645 804 4708 auguror
822 4623 1026 4697 sententiam,
1056 4621 1117 4686 nisi
1138 4625 1218 4686 haec
1237 4633 1305 4687 cst:
1348 4623 1422 4686 Van
1444 4642 1480 4686 re
1501 4642 1578 4686 vera
1600 4621 1759 4686 Graecum
1781 4637 1813 4688 et
1837 4623 2019 4686 Hebraeum
2042 4639 2128 4693 esse,
2159 4617 2267 4680 sedin
2289 4617 2418 4680 Graeco

562 4718 734 4783 interiisse.
782 4719 907 4798 Vde'ficot
926 4737 992 4782 non
1012 4715 1173 4796 intelligo.

428 4819 521 4896 †††)
559 4816 628 4882 Non
647 4835 687 4876 cx
709 4832 780 4874 meo
801 4809 921 4873 addidi.

404 4914 522 4991 1111)
563 4907 710 4986 ζητησαι.
749 4907 820 4970 Pro
840 4911 961 4986 reqat'ru
981 4906 1013 4972 in
1034 4904 1195 4989 expressis
1217 4917 1265 4968 est
1284 4907 1403 4983 require.

462 5007 524 5083 *1)
565 5005 618 5067 Ex
646 5001 697 5064 his
725 4999 833 5063 verbis
859 4998 1069 5086 intelligitur,
1098 5000 1159 5065 iarn
1186 5019 1275 5064 nono
1302 4996 1430 5063 saeculo
1458 4997 1607 5062 Hellenas
1633 4997 1665 5060 in
1695 4992 1858 5062 cenobio
1879 4992 2123 5082 Sanctigallcnsi
2143 4993 2263 5069 fuisse,
2293 4991 2356 5060 nisi
2375 4997 2415 5058 ad

562 5097 687 5160 Graece
707 5096 822 5159 doctos
843 5095 967 5160 reierre
986 5080 1201 5179 piaeplaceat.
