5240 6318
390 447 452 512 DE
478 443 962 512 NOTlSMANUSCRlPTl
983 443 1335 510 SANGALLENSIS
1356 441 1722 510 MARGINALIBUS.
1766 441 1872 522 caP.
1894 447 1955 510 Vl.
2043 451 2220 518 XXXVII

1146 624 1180 724 ς.
1216 624 1276 698 91.

299 812 334 878 B.
385 801 507 882 Notae
534 801 762 897 marginales,
804 830 893 903 quac
921 804 1045 902 ubriJue
1073 803 1178 876 literas
1197 804 1257 874 ael
1272 801 1422 896 singulis
1446 799 1507 872 ael
1524 800 1614 875 binis
1637 801 1901 897 exprimuntur,
1936 831 2117 906 nunquam
2139 837 2219 884 vero

106 985 111 990 .
199 927 353 1034 syllabis
374 931 543 1032 perfectas.
596 925 697 1005 Haud
729 925 872 1024 exiguus
900 953 1019 1006 earum
1050 949 1102 1000 est
1125 954 1293 1000 numerus
1324 925 1451 998 tamin
1478 944 1602 996 nostro
1623 950 1729 1020 quam
1750 923 1788 993 in
1808 926 2053 1000 Boerneriano.
2104 931 2219 1002 Etiam

202 1049 327 1131 harum
351 1072 392 1126 ut
426 1048 586 1126 omnium
615 1050 724 1126 ferme
753 1051 996 1148 marginalium
1029 1050 1263 1148 aenigmatum
1291 1044 1506 1120 solutionem
1535 1044 1733 1142 desperavit
1757 1044 1965 1118 Matthaeius
1989 1048 2083 1121 haud
2111 1054 2219 1125 semel

200 1197 303 1249 suum
331 1172 439 1254 illud,
465 1197 583 1256 nemo,
610 1170 726 1253 credo,
752 1172 822 1244 ista
846 1171 1050 1269 explicabit,
1078 1171 1282 1242 exclamans.
1333 1175 1404 1240 Nos
1418 1166 1563 1266 quidem
1579 1166 1616 1236 in
1630 1165 1697 1238 hac
1715 1193 1750 1238 re
1764 1169 1885 1239 breves
1903 1170 2043 1244 erimus.
2092 1174 2220 1247 Distin-

200 1292 338 1390 g'uimus
362 1291 456 1364 enim
478 1292 634 1378 notulas,
663 1319 751 1389 quae
774 1320 845 1366 una
870 1295 944 1367 sola
969 1295 1070 1366 litera
1092 1293 1354 1392 exprimuntur,
1382 1310 1417 1360 et
1444 1315 1532 1386 quae
1561 1287 1732 1387 pluribus.
1783 1292 1834 1359 De
1852 1289 2030 1390 plerisque
2053 1295 2148 1365 enim
2167 1296 2219 1383 iis,

200 1441 290 1512 quae
326 1414 470 1512 singulis
498 1415 607 1486 literis
642 1434 820 1502 constant,
863 1416 964 1488 nobis
992 1417 1224 1488 certissimum
1257 1433 1323 1499 cst,
1365 1410 1462 1484 vocis
1493 1409 1531 1478 in
1562 1408 1715 1506 legendo
1751 1407 2033 1484 modulationem
2060 1415 2218 1490 indicari.

199 1534 331 1616 Docuit
351 1561 418 1607 nos
443 1535 535 1607 hanc
560 1561 635 1607 rem
663 1535 825 1632 magister
852 1534 1074 1608 doctissimus
1097 1536 1201 1610 simul
1230 1555 1264 1606 et
1285 1531 1561 1631 antiquissimus,
1589 1530 1647 1601 cui
1666 1529 1774 1602 fidem
1798 1531 1965 1630 derogare
1991 1562 2066 1610 non
2088 1540 2219 1624 audeo,

201 1652 380 1731 Natlerus
408 1655 604 1741 Balbulus,
630 1656 747 1726 Sancti
769 1656 864 1727 Galli
889 1656 982 1728 circa
1008 1683 1139 1728 annum
1163 1659 1307 1728 DCCCC
1335 1651 1541 1726 monachus.
1593 1659 1672 1754 Ipsa
1698 1652 1771 1725 eius
1797 1658 1902 1726 verba
1925 1679 2096 1757 repetam,
2122 1688 2222 1761 prae-

201 1803 369 1865 monens,
395 1777 619 1878 praefationis
640 1804 767 1851 vocem
786 1780 1058 1866 „cantilenam“
1087 1783 1130 1850 ab
1150 1777 1313 1851 omnibus
1331 1773 1465 1862 adhuc,
1493 1775 1555 1872 qui
1575 1773 1705 1847 dehac
1724 1775 1975 1876 scriptiuncula
1994 1807 2220 1873 monuerunt,

200 1926 389 2002 perperam
409 1900 458 1973 ita
482 1926 554 1972 esse
574 1900 808 1987 intellectam,
842 1901 941 2000 quasi
963 1901 1083 1973 literae
1112 1899 1315 2000 Alphabeti,
1348 1925 1433 1996 qum
1453 1899 1625 1970 Notlrerus
1648 1899 1770 1984 refert,
1797 1926 1917 1974 earum
1939 1924 2105 1976 notarum
2128 1908 2221 1979 vices

202 2021 289 2095 olim
309 2023 494 2119 gesserint,
520 2022 646 2120 quibus
671 2048 766 2094 nunc
786 2022 912 2094 musici
928 2043 1077 2116 utuntur
1090 2023 1140 2126 a),
1191 2030 1268 2096 Vox
1291 2023 1385 2094 enim
1405 2021 1580 2092 cantilena
1606 2047 1680 2093 non
1705 2022 1823 2093 solum
1849 2021 1893 2095 de
1916 2028 2074 2125 perlecto
2100 2051 2221 2118 cantu,

202 2145 265 2217 sed
290 2145 334 2216 de
352 2145 521 2242 variegata
540 2143 688 2217 omnino
710 2143 863 2217 lectione
890 2150 1123 2246 usurpabatur
1133 2143 1210 2247 li),
1244 2166 1279 2218 et
1299 2141 1453 2219 Notlreri
1470 2142 1707 2242 expositiones
1728 2144 1905 2242 produnt,
1933 2149 2041 2244 magis
2064 2176 2224 2250 pronun.

203 2265 386 2338 tiationem
410 2287 545 2365 aptam,
573 2293 679 2364 quam
700 2293 872 2340 sonorum
892 2267 1094 2341 varietatem
1120 2268 1257 2369 respici.
1309 2265 1487 2342 Notlrerus
1514 2284 1631 2336 autem
1652 2264 1700 2335 ita
1723 2265 1843 2337 scribit
1854 2265 1956 2368 iq'⁰‘²·'³):

244 2375 248 2380 ’
311 2391 444 2461 Notlrer
463 2391 654 2461 Lantberto
673 2390 770 2460 fratri
789 2392 947 2464 salutem.
999 2392 1095 2486 Quid
1116 2393 1270 2490 singulae
1290 2392 1411 2464 literae
1431 2389 1468 2461 in
1488 2387 1786 2488 superscriptione
1805 2389 2001 2488 significent
2023 2385 2223 2476 cantilenae,

203 2529 315 2609 prout
342 2513 464 2610 potui,
489 2512 586 2583 iuxta
612 2531 708 2584 tuam
728 2513 937 2612 petitionem
959 2516 1143 2615 explanare
1166 2515 1294 2589 curavi.

259 2635 301 2704 Δ,
354 2637 402 2704 Ut
427 2632 536 2724 altius
561 2632 709 2706 elevetur
730 2635 897 2708 admonet
918 2635 1037 2737 liiii).

266 2761 302 2825 B.
355 2755 558 2826 Secundum
580 2756 696 2826 literas
719 2758 846 2853 quibus
868 2759 1070 2856 adiungitur
1091 2781 1132 2830 ut
1154 2763 1234 2832 bene
1254 2761 1276 2831 i.
1300 2786 1329 2831 e.
1354 2759 1504 2830 multum
1521 2757 1715 2828 extollatur
1730 2757 1789 2828 ael
1806 2767 1970 2847 gravetur
1982 2757 2054 2828 seire
2073 2769 2226 2828 teneatur

353 2875 503 2972 belgicat
522 2880 569 2976 †)‚

263 2999 302 3068 C.
355 3000 404 3066 Ut
430 2998 497 3068 cito
522 2997 583 3068 ael
605 2998 752 3069 celeriter
774 2998 929 3087 dicatur,
956 3001 1133 3073 certificat.

259 3122 301 3191 D.
350 3123 399 3190 Ut
425 3119 642 3217 deprimatur
670 3120 896 3195 demonstrat.

262 3245 303 3314 Ε.
354 3246 403 3313 Ut
432 3243 600 3340 equaliter
629 3255 770 3314 sanetur
794 3245 984 3342 eloquitur.

265 3367 304 3434 F.
354 3369 403 3434 Ut
429 3393 508 3438 cum
523 3368 673 3467 fragore
701 3393 761 3437 sen
776 3367 946 3468 frendore
959 3368 1130 3468 ferratur,
1165 3367 1295 3464 flagitat
1315 3371 1385 3466 ††).

263 3488 307 3556 G.
356 3490 404 3558 Ut
432 3487 469 3557 in
491 3501 629 3583 gutture
648 3489 831 3583 gradatim
852 3490 1050 3586 garruletur
1068 3490 1214 3583 genuine
1233 3489 1424 3586 gratulatur
1441 3497 1534 3579 ῆι).

264 3611 307 3688 H.
356 3613 404 3680 Ut
428 3611 659 3712 inscriptura
687 3612 850 3710 adspirat
881 3625 1037 3699 tantum,
1070 3612 1174 3683 itaet
1199 3612 1237 3683 iu
1266 3630 1349 3683 nota
1371 3610 1409 3680 id
1440 3611 1558 3708 ipsum
1578 3610 1711 3683 habitat
1732 3615 1848 3709 ††††‘).

187 3826 190 3832 .
270 3735 297 3801 1.
355 3729 502 3802 Iussum
533 3733 588 3805 vel
617 3735 759 3835 inferius
780 3735 952 3827 insinuat3
974 3736 1225 3831 gratitudinem
1250 3760 1318 3834 pro
1339 3737 1374 3804 G
1401 3733 1580 3804 interdum
1607 3732 1739 3804 indicat
1760 3733 1839 3830 Ἠ).

298 4087 329 4162 *)
372 4085 452 4147 via.
474 4084 586 4146 nant.
607 4101 682 4147 ann.
704 4087 785 4150 Ben.
809 4089 907 4150 Τοιιι.
929 4087 994 4148 tv.
1014 4083 1074 4148 lib.
1096 4084 1151 4159 tt,
1181 4104 1214 4146 n.
1236 4083 1287 4145 80.
1310 4103 1387 4167 pag.
1409 4084 1447 4146 36
1470 4093 1500 4144 et
1522 4069 1595 4165 pag.
1617 4084 1687 4148 688.

281 4179 329 4255 **)
372 4176 429 4240 Cl.
452 4177 565 4238 nonna
585 4180 623 4239 de
645 4191 712 4241 arte
734 4179 852 4242 musica
874 4180 932 4242 lib.
944 4181 974 4243 1.
997 4199 1067 4260 cap.
1090 4179 1141 4241 31.
1163 4178 1215 4241 32.

261 4269 331 4350 m)
372 4270 546 4352 Reperitur
565 4271 686 4336 Nottren'
702 4271 832 4336 libellus
852 4273 883 4337 in
906 4274 1017 4336 canta
1036 4272 1136 4355 antiq.
1159 4267 1307 4334 lectionis
1328 4274 1426 4334 Tom.
1448 4272 1495 4333 V.
1519 4272 1611 4334 Part.
1634 4273 1665 4334 2.
1687 4291 1763 4352 pag.
1787 4271 1845 4334 tte
1866 4292 1909 4333 ss.
1964 4271 2041 4334 lnde
2062 4291 2124 4356 ego
2147 4272 2226 4338 deli·

370 4365 457 4429 bavi.
498 4365 661 4449 Repetivit
682 4371 815 4431 eundem
835 4369 984 4432 Malillon.
1005 4368 1037 4432 in
1061 4366 1165 4429 annal.
1189 4365 1310 4428 Bened.
1332 4367 1431 4428 Τοιιι.
1454 4365 1518 4428 1v.
1541 4366 1676 4446 append.
1699 4365 1778 4428 Vll.
1800 4363 1862 4428 fol.
1885 4364 1944 4428 ⁶88
1965 4385 1993 4426 s.

243 4460 330 4537 saue)
372 4463 517 4525 Advorte
537 4461 692 4542 temporis
713 4461 797 4524 illius
818 4463 1004 4528 artificium!
1040 4463 1188 4526 Verbum
1210 4459 1291 4523 enirn
1313 4458 1469 4543 cuiusque
1490 4460 1663 4523 sententiae
1684 4458 1724 4522 ab
1746 4479 1781 4522 ea
1804 4457 1895 4522 litera
1917 4457 2044 4538 incipit,
2066 4457 2228 4525 cuiusvis

294 4577 297 4580 ·
371 4568 467 4638 atque
487 4566 630 4636 potestas
652 4553 858 4620 describitur.

292 4650 331 4726 †)
373 4649 460 4728 Quid
481 4651 543 4712 hoc
563 4652 680 4728 traficae
701 4649 758 4727 sit,
790 4671 857 4714 non
884 4651 1026 4733 reperio.
1070 4650 1175 4713 Nemo
1202 4647 1285 4712 enim
1311 4668 1448 4729 unquam
1475 4647 1507 4711 in
1530 4648 1596 4713 ullo
1620 4657 1823 4710 monurnento
1846 4659 1973 4726 praeter
1994 4655 2137 4712 nostrum
2160 4647 2228 4713 eius

269 4739 274 4754 “
370 4741 452 4805 vesti
478 4740 542 4806 ium
563 4743 698 4808 detexit.

265 4837 331 4913 ††)
366 4837 416 4898 Ita
438 4763 572 4902 ergnendo
594 4859 655 4918 pro
677 4837 832 4919 efflauitat,
857 4838 948 4920 quod
966 4835 1154 4917 impressum
1175 4848 1235 4901 est.
1280 4833 1384 4900 Causa
1405 4834 1524 4914 palam!

243 4932 335 5007 †††)
370 4931 484 5014 ltaque
505 4933 536 4993 G
556 4930 649 5012 plura
672 4935 842 4996 ostendere
861 4943 981 5013 potest.

214 5026 332 5101 ††††)
366 5026 556 5088 Verborum
577 5025 691 5094 seriem
712 5025 844 5107 paulum
864 5021 998 5088 mutavi.
1479 5075 1481 5082 ,

269 5113 332 5194 '†)
366 5119 405 5182 In
427 5118 540 5184 codiee
561 5133 675 5185 nostro
696 5121 789 5202 plura
812 5141 835 5202 g
859 5129 891 5183 et
910 5119 922 5182 i
942 5114 1148 5183 confusarum
1170 5115 1314 5198 exempla
1335 5125 1472 5179 exstant.
