5240 6318
417 448 579 516 XXXlV
1244 443 1612 510 Puotsssottrtrtn

389 715 392 722 ,
518 623 740 702 metandum
766 649 852 696 esse.
902 622 999 716 Quid
1025 645 1111 696 vero
1137 623 1228 698 datos
1250 623 1289 694 in
1314 645 1393 700 toto
1418 623 1510 698 libro
1534 625 1636 698 locos
1661 621 1751 696 adeo
1775 623 2000 722 insigniverit,
2026 645 2068 696 ut
2090 623 2135 695 ad
2161 649 2224 698 eos
2254 625 2350 698 solos
2373 629 2439 700 ista

515 769 603 822 uota
627 747 853 828 adiiceretur,
888 747 995 847 plane
1018 770 1095 819 non
1119 745 1398 844 comprehendo.
1446 745 1732 846 Exspectandum
1755 746 1877 845 potius
1901 748 2011 834 soret,
2036 748 2151 835 ut,·si
2175 747 2225 820 ita
2249 769 2358 836 esset,
2383 749 2439 821 in-

518 869 677 944 numeris
700 869 836 942 vicibus
863 868 1006 941 rediret.
1057 871 1175 962 Quare
1200 867 1296 940 aliud
1321 868 1600 966 investigandum
1625 888 1688 940 est
1738 867 1847 962 Quod
1882 869 1983 942 facile
2014 889 2168 969 pateret,
2205 869 2236 942 si
2268 895 2438 971 compen-

516 993 618 1064 dium
642 991 718 1064 sola
741 1017 820 1091 pag.
840 992 913 1083 274
938 1010 1098 1064 exstaret.
1148 989 1204 1062 td
1229 1008 1344 1061 textus
1370 990 1466 1062 enim
1490 993 1596 1064 verba
1619 996 1696 1060 καθ
1714 1018 1844 1084 upupae
1871 993 2057 1078 referrem,
2082 1019 2172 1090 quae
2188 1013 2230 1064 ut
2246 993 2313 1064 alia
2327 995 2440 1066 multa

519 1114 559 1186 in
584 1113 740 1212 margine
766 1113 915 1214 repetita
938 1113 1018 1184 sint.
1068 1115 1115 1184 ht
1138 1138 1218 1212 pag.
1241 1111 1313 1184 196
1336 1111 1409 1184 hoc
1433 1113 1539 1185 statui
1561 1114 1697 1212 nequit
1748 1118 1866 1209 Quare
1881 1114 1920 1185 in
1935 1133 2089 1210 utroque
2105 1114 2189 1188 loco
2204 1123 2440 1212 καθημερινας

520 1233 730 1332 significatas
755 1261 829 1308 esse
855 1235 1030 1321 coniicio,
1062 1234 1112 1306 ita
1136 1233 1300 1332 quidem,
1332 1256 1373 1307 ut
1396 1236 1516 1335 priore
1541 1235 1626 1308 loco
1651 1236 1695 1307 ad
1721 1257 1966 1334 argumentum
1990 1236 2068 1308 talis
2092 1237 2239 1312 alicuius
2263 1242 2438 1328 carminis,

519 1356 586 1429 illo
612 1377 776 1457 tempore
801 1357 932 1456 vulgati
956 1356 1132 1429 alludatur
1142 1358 1179 1457 ὓ)
1186 1389 1198 1448 3
1223 1357 1421 1457 posteriore
1441 1357 1485 1428 ad
1503 1383 1637 1431 nomen
1649 1358 1778 1458 ipsum.
1827 1358 1951 1452 Quod,
1976 1379 2148 1456 mantum
2163 1360 2255 1443 scio,
2280 1361 2439 1462 inprimis

518 1505 587 1579 per
611 1479 794 1552 Aureliam
819 1478 1053 1552 Pmdemmm
1076 1478 1301 1552 nobilitatum
1326 1499 1395 1570 est;
1420 1496 1564 1578 poetam
1587 1480 1680 1552 inter
1705 1480 1919 1554 Christianos
1943 1481 2039 1553 haud
2064 1480 2189 1555 infimo
2213 1481 2298 1555 loco
2324 1482 2436 1555 collo-

520 1601 693 1684 candum,
731 1602 830 1674 cuius
868 1601 1014 1698 quidem
1048 1601 1192 1701 hymni,
1226 1626 1320 1701 puro
1344 1601 1556 1700 plerumque
1580 1622 1695 1676 metro
1721 1603 1865 1701 alligati,
1902 1603 1964 1700 qui
1989 1602 2098 1676 hodie
2122 1603 2283 1701 legantur
2307 1603 2437 1702 dignis-

520 1720 601 1791 simi
633 1743 725 1794 sunt.
776 1728 874 1794 Inter
907 1722 1063 1820 rehquos
1094 1724 1311 1824 Galliamhus
1345 1722 1495 1810 eminet,
1530 1750 1604 1822 quo
1628 1723 1822 1798 Catulliana
1846 1723 2053 1798 dexteritate
2095 1725 2263 1813 „Christi
2282 1729 2436 1821 insignio

515 1855 646 1935 gesto“
671 1866 856 1917 canuntur.

1368 1943 1403 2046 ς.
1430 1943 1489 2013 os.

761 2082 857 2150 Haec
882 2077 1003 2150 omnia
1026 2077 1065 2148 in
1088 2076 1235 2178 paginae
1261 2077 1332 2150 527
1358 2076 1513 2176 margine
1539 2096 1678 2176 reperta
1696 2102 1810 2148 unum
1832 2103 1974 2149 sensum
1993 2077 2165 2159 efficiunt,
2189 2075 2305 2151 hunc:
2331 2077 2438 2153 Deest

417 2209 676 2278 ΑΠΟΚΟΠΗ
762 2197 947 2271 decollatio
972 2198 1140 2282 Ioannis,
1166 2209 1198 2268 el
1214 2197 1422 2296 baptismus,
1447 2198 1546 2268 cutus
1565 2193 1623 2266 lu'c
1638 2197 1766 2266 numm
1783 2198 1951 2284 t'mi'ct'tur,
1976 2211 2058 2270 aule
2070 2201 2271 2297 passionem
2288 2200 2439 2274 Ioannis

419 2314 638 2412 baptismum
762 2320 990 2392 collocandus
1005 2331 1065 2389 est.
1116 2325 1239 2416 Itaque
1259 2345 1342 2389 cum
1367 2319 1588 2414 reliquorum
1613 2317 1902 2414 evangelistarum
1926 2319 2124 2391 narratione
2147 2319 2288 2392 Ioannis
2314 2321 2437 2394 relatio

420 2430 472 2515 ἀἶ
493 2445 697 2542 passionem
761 2441 1006 2542 componitur,
1031 2460 1068 2512 et
1091 2441 1178 2538 quid
1204 2440 1296 2512 desit
1319 2439 1504 2511 indicatur.
1556 2444 1680 2536 Itaque
1705 2436 1794 2510 haec
1814 2441 1918 2512 veiha
1935 2437 2040 2513 etiam
2054 2465 2160 2542 supra
2175 2447 2217 2520 N.
2236 2448 2282 2522 Π,
2301 2467 2437 2540 ponere

758 2563 962 2663 potuissem.
1013 2566 1102 2634 Sunt
1127 2561 1223 2632 enim
1248 2561 1516 2660 quodammodo
1543 2559 1664 2633 titulus
1687 2560 1877 2655 negativus.

1361 2711 1396 2811 §.
1431 2714 1490 2803 84.

421 2809 585 2910 &dij
617 2815 804 2894 mariti
829 2821 911 2910 Pag·
938 2817 1021 2886 331·

616 2934 719 3006 Haud
753 2952 960 3004 crmctanter
990 2933 1039 3017 (Ε
1071 2934 1115 3004 ad
1150 2937 1277 3006 Graeci
1309 2955 1423 3008 textus
1452 2941 1598 3010 verbum
1633 2965 1722 3028 φαγε
1762 2941 1936 3037 respicere
1968 2939 2149 3014 cordatior
2178 2944 2327 3042 quisque
2351 2973 2436 3046 pro-

520 3054 705 3128 nuntiabit.
755 3059 797 3124 In
822 3052 968 3148 reliquis
993 3054 1213 3152 exponendis
1239 3054 1344 3126 etiam
1368 3056 1560 3152 sagaciores
1584 3057 1788 3133 haerebunt.
1838 3065 1918 3131 Non
1930 3085 2041 3131 unum
2054 3062 2148 3132 enim
2162 3063 2275 3136 virum
2288 3067 2435 3140 doctum

516 3179 590 3250 vidi
614 3176 864 3260 haesitantem,
913 3173 1003 3270 quid
1037 3176 1081 3246 de
1114 3175 1212 3247 hisce
1238 3176 1460 3276 compendiis
1484 3199 1661 3252 statueret.
1711 3181 1889 3280 Equidem
1913 3181 1963 3252 ita
1987 3179 2137 3280 explico.
2186 3185 2435 3289 Isuprapicta

514 3299 646 3371 lineola
675 3297 847 3412 significat
880 3297 927 3366 in.
987 3296 1184 3368 Tritissimo
1217 3322 1294 3367 usu.
1356 3297 1392 3372 G
1424 3301 1624 3401 suprapicta
1655 3303 1787 3376 lineola
1820 3303 1975 3376 ostendit
2010 3302 2120 3386 Grae,
2152 3326 2193 3377 ut
2214 3333 2241 3405 p
2266 3342 2306 3376 =
2328 3339 2433 3411 prae,

517 3420 667 3515 anaqam,
752 3440 834 3484 mar
872 3419 1038 3512 magister
1059 3417 1250 3515 legendum
1274 3439 1337 3490 est.
1387 3424 1648 3521 Compendium
1671 3423 1861 3497 seriorihus
1887 3423 2035 3495 saeculis
2054 3423 2144 3498 adeo
2166 3427 2209 3498 ad
2241 3413 2301 3498 ιιι-ν
2330 3433 2436 3505 redu-

515 3561 623 3612 ctum.
674 3541 726 3611 Cf.
748 3536 1078 3653 Wolthen'Lexic.
1105 3539 1256 3639 diplom.
1282 3540 1355 3616 col.
1383 3541 1465 3613 216.
1489 3541 1553 3622 lin.
1581 3546 1640 3636 24.
1668 3545 1725 3617 25.
1754 3589 1797 3603 -
1833 3547 1993 3619 Alterum
2021 3550 2195 3630 Iiterum
2219 3552 2295 3652 lege
2327 3559 2367 3627 in
2398 3578 2434 3628 et

389 3667 394 3676 '
516 3660 616 3759 quod
650 3661 810 3757 sequitur
851 3657 890 3731 la
930 3659 1121 3761 pronuntia
1146 3661 1292 3734 Lolino.
1344 3667 1477 3735 Totum
1509 3665 1615 3763 igitur
1645 3668 1694 3739 ita
1725 3689 1840 3742 sonat:
1889 3675 2024 3743 ΦΛΓΕ
2043 3674 2083 3744 in
2110 3673 2245 3748 Graeco
2271 3681 2436 3773 magister

515 3785 553 3854 in
578 3782 726 3855 Latmo.
777 3789 900 3880 ltaque
926 3783 1098 3880 glossator
1121 3789 1292 3855 Ioannem
1315 3810 1384 3883 pro
1410 3790 1666 3868 consuetudine
1692 3791 1902 3863 Hebraicum
1919 3799 2073 3867 PABBI
2085 3795 2189 3869 etiam
2205 3796 2243 3868 in
2258 3802 2445 3886 Graecum·

520 3903 735 3975 transtulisse
761 3905 957 4004 suspicatus
982 3925 1049 3991 est,
1076 3906 1234 4006 etipse,
1269 3906 1367 4004 quod
1393 3907 1432 3978 in
1456 3911 1670 3984 Vercellensi
1694 3931 1762 3996 est,
1795 3917 1963 4010 magister
1984 3916 2188 3992 addendum
2212 3923 2358 4020 putavit.

1363 4027 1396 4127 §.
1425 4027 1484 4102 85.

414 4123 497 4190 ῐιιιιῖ
518 4119 589 4190 toli.
617 4139 772 4190 oaoros.
808 4125 887 4216 Peg
916 4121 999 4194 367.

610 4241 772 4334 Quilibet
796 4238 911 4326 videt,
937 4241 1023 4338 quid
1050 4242 1111 4313 hic
1134 4242 1324 4340 legendum
1348 4243 1407 4327 sit.
1456 4247 1702 4322 Esuditionem
1726 4279 1826 4324 suam
1850 4253 2021 4351 glossator
2045 4257 2174 4328 iterum
2197 4283 2324 4357 parum
2337 4260 2433 4332 filici

512 4361 648 4434 ratione
674 4361 848 4447 ostendit,
886 4361 930 4434 ad
965 4362 1135 4462 evangelii
1167 4367 1314 4438 Ioannei
1345 4368 1505 4458 initium,
1542 4380 1734 4448 ιιΛΟΓΩι
1758 4396 1932 4464 sumtum,
1967 4375 2029 4448 hic
2052 4377 2223 4450 lectorem
2249 4405 2430 4468 revocans,

514 4485 576 4556 ubi
600 4485 706 4584 plane
730 4484 797 4557 alia
820 4485 1074 4582 significatione
1098 4495 1266 4565 ΛΟΓΟΣ
1287 4511 1406 4564 exstat.

411 4712 573 4774 fromn.
623 4709 703 4800 Pag.
732 4699 814 4776 376.
866 4707 977 4802 Lege:
1004 4705 1043 4776 t'rt
1066 4703 1268 4780 Romanos.
1364 4617 1399 4720 ς·
1426 4615 1485 4688 86.

609 4824 852 4898 Nobilissimus
877 4827 996 4916 locus,
1022 4830 1085 4927 qui
1109 4829 1153 4902 ad
1180 4830 1387 4928 dogmatum
1409 4833 1592 4908 historiam
1611 4837 1772 4910 conferre
1791 4861 1896 4936 posse
1917 4833 2066 4910 videtur.
2116 4841 2205 4909 Sunt
2226 4835 2320 4908 enim
2340 4835 2429 4910 haec

498 4993 531 5068 *)
573 4993 727 5056 Fortasse
752 4999 793 5058 ad
820 4997 961 5060 Tutilosa‘s
980 5019 1126 5066 carmen:
1163 5003 1256 5066 uoto
1274 5007 1434 5068 mstosdss
1452 5019 1493 5070 est
1517 5020 1598 5082 cet„
1632 5015 1723 5095 quod
1744 5009 1776 5074 in
1797 5009 1991 5074 monasterio
2012 5007 2212 5094 Sangallensi
2233 5007 2425 5088 dictaverat,

569 5085 754 5167 respicitur.
797 5089 855 5154 Cl.
876 5091 1025 5156 liubilae.
1046 5097 1124 5161 Aet.
1146 5099 1220 5162 ord.
1243 5099 1280 5162 S.
1302 5099 1425 5164 Beued.
1446 5123 1532 5167 saec.
1554 5103 1603 5165 V.
1624 5103 1687 5169 rot.
1710 5105 1762 5167 ¹2.
1782 5102 1906 5169 infimo.
