5240 6318
447 407 537 478 Vlll
1271 402 1640 471 PROLEGOMENA

450 568 620 671 terrionis
640 593 725 668 solia
750 589 898 664 omnino
920 612 999 690 uon
1013 584 1208 686 pertinere:
1235 585 1326 660 adeo
1351 587 1522 688 adspectu
1545 587 1664 688 primo
1686 592 1729 661 ab
1747 587 1892 663 illorum
1910 587 2034 662 habitu
2054 591 2199 666 recedit.
2251 593 2470 668 Persoratum

449 743 503 798 est
519 741 555 794 et
568 717 727 792 luridum
744 713 910 802 omnino,
935 731 1024 783 tetra
1040 709 1115 782 eius
1132 709 1236 782 facies
1255 730 1291 781 et
1305 710 1409 794 sicca,
1436 710 1580 808 reliquis
1596 711 1812 810 pinguedine
1828 733 1869 785 ut
1885 713 1932 785 ita
1950 713 2066 786 dicam
2081 715 2284 790 nitentibus.
2334 721 2470 789 Tamen
2602 789 2603 792 ,

448 845 525 920 sine
542 842 642 918 omni
656 838 874 912 dubitatione
892 833 936 906 ad
951 833 1104 906 eundem
1120 833 1389 931 quaternionem
1404 835 1447 906 ab
1462 831 1565 905 initio
1581 833 1771 934 pertinuit,
1797 836 1857 906 cui
1871 835 1981 908 hodie
1999 834 2182 926 adhaeret,
2206 864 2290 910 nam
2309 837 2468 912 eiusdem
2602 913 2603 946 ,

449 970 589 1041 chartae
608 985 839 1065 pergamenae
856 959 964 1030 altera
982 983 1063 1058 pars
1083 956 1189 1028 efficit
1207 956 1334 1030 lolium
1349 976 1514 1030 octavum
1524 973 1566 1024 =.-'
1575 982 1654 1056 pag.
1678 958 1721 1030 17
1741 977 1777 1030 et
1791 960 1837 1028 18
1856 957 2007 1062 codicis,
2033 957 2063 1030 si
2076 984 2244 1031 numeros
2261 960 2467 1060 paginarum
2602 961 2603 964 ’

448 1088 609 1190 respicis;
633 1085 799 1186 paginam
824 1077 870 1154 15
893 1101 929 1154 et
951 1081 998 1151 16
1020 1079 1050 1151 si
1069 1106 1194 1154 verum
1213 1105 1403 1152 numerum
1425 1079 1531 1152 ineas.
1578 1082 1626 1151 At
1647 1105 1733 1152 vero
1757 1079 1875 1180 ipsum
1899 1081 2025 1154 folium
2051 1102 2232 1166 oceasum,
2258 1082 2356 1181 quod
2383 1107 2468 1156 cum

448 1213 537 1286 folio
553 1211 672 1311 primo
689 1207 838 1280 eandem
853 1205 1010 1278 chartam
1026 1202 1150 1288 eflicit,
1174 1202 1383 1278 nitidissima
1399 1222 1467 1294 est,
1494 1222 1530 1278 et
1545 1201 1635 1278 nulli
1651 1201 1866 1302 reliquarum
1881 1203 2090 1305 paginarum
2105 1204 2345 1302 quaternionis
2359 1204 2467 1306 primi

447 1333 638 1438 splendore
663 1329 769 1406 cedit.

1471 1467 1530 1557 14·

547 1592 709 1666 Tertium
732 1589 901 1726 reperisse
921 1585 1011 1658 mihi
1032 1585 1158 1660 videor
1184 1604 1366 1657 externum
1374 1466 1530 1684 ,11ιο1
1536 1585 1661 1674 docet,
1685 1586 1842 1726 primurn
1868 1585 2003 1661 codicis
2030 1584 2300 1683 quaternionem
2325 1580 2466 1653 aliunde

446 1717 643 1792 accessisse.
692 1719 780 1786 Nam
800 1737 841 1782 ea
856 1709 894 1781 in
914 1709 1041 1809 pagina
1059 1735 1148 1846 quae
1165 1707 1236 1780 iarn
1252 1707 1513 1782 undevicesima
1531 1729 1736 1781 numeratur
1754 1710 1793 1782 in
1809 1708 1964 1808 margine
1985 1695 2127 1780 sinistro
2146 1730 2335 1779 numerum
2359 1703 2467 1804 primi

449 1837 689 1938 quaternionis
723 1834 824 1906 facile
853 1832 1010 1928 deteges,
1044 1831 1075 1902 si
1114 1829 1318 1904 codicem
1306 1857 1426 1931 ipsum
1455 1831 1629 1930 inspicere
1660 1832 1768 1905 voles.
1823 1831 1892 1904 Sed
1918 1829 2150 1930 pallidissimo
2182 1847 2376 1900 atramento
2405 1826 2467 1898 laic

447 1987 616 2034 numerus
629 1959 781 2058 scriptus
800 1975 870 2040 est,
895 1953 945 2024 ita
958 1973 1001 2024 ut
1014 1953 1146 2054 pictori
1162 1978 1245 2026 meo
1261 1952 1477 2053 calligrapho
1495 1952 1682 2029 omittendi
1700 1974 1825 2027 auctor
1840 1953 1978 2025 luerim.
2027 1951 2136 2048 Quod
2154 1977 2199 2024 eo
2215 1950 2325 2047 magis
2341 1948 2466 2034 doleo,

446 2109 559 2180 quum
582 2081 653 2152 iarn
676 2077 766 2153 mihi
792 2102 998 2177 persuasum
1026 2075 1087 2158 sit,
1120 2074 1215 2147 hanc
1239 2095 1362 2148 notam
1387 2075 1497 2146 serius
1525 2075 1694 2176 scriptam
1723 2101 1815 2162 esse,
1851 2102 1957 2173 quarn
1981 2075 2100 2176 ipsum
2125 2073 2297 2146 codicem.
2347 2075 2465 2166 Quare

447 2204 554 2276 ctiam
582 2202 802 2299 reliquorum
827 2197 1101 2297 quaternionum
1123 2223 1292 2270 numeros
1318 2224 1339 2268 a
1366 2197 1472 2269 tertio
1496 2197 1581 2268 inde
1608 2224 1628 2268 a
1652 2198 1825 2298 scriptore
1854 2223 1936 2270 meo
1961 2195 2175 2298 repetendos
2205 2193 2335 2267 curavi.
2385 2193 2465 2265 Sine

447 2325 558 2398 dubio
582 2323 705 2396 statim·
723 2349 805 2400 cum
832 2321 957 2394 codice
980 2320 1061 2422 ipso
1082 2321 1210 2392 Graeci
1234 2320 1508 2417 quaternionum
1532 2320 1673 2394 numeri
1693 2340 1775 2390 sunt
1800 2320 1998 2420 perscripti.
2048 2319 2207 2392 Primum
2228 2315 2404 2418 conspicis
2429 2314 2468 2386 in

446 2472 587 2520 summo
612 2421 726 2518 textus
742 2444 848 2518 litore
872 2442 998 2518 dextro
1021 2441 1168 2543 paginae
1192 2441 1474 2518 undevicesimae
1499 2450 1582 2536 (A),
1606 2441 1802 2518 secundum
1820 2467 1900 2542 pag.
1922 2443 1968 2514 33
1988 2451 2048 2534 (B)
2066 2441 2209 2516 tertium
2225 2463 2305 2540 pag.
2321 2437 2381 2530 49.
2404 2447 2464 2526 (Γ)

447 2589 483 2642 ιι
507 2570 558 2640 sic
582 2593 704 2668 porro.

1385 2702 1420 2802 §.
1460 2699 1518 2776 15.

543 2833 586 2896 In
602 2783 726 2924 quarta
744 2849 851 2921 quam
870 2823 983 2895 modo
1002 2824 1142 2894 afferam
1158 2847 1260 2894 eausa
1276 2847 1342 2922 per
1363 2851 1399 2896 se
1419 2822 1567 2920 quidem
1586 2843 1742 2923 spectata
1761 2849 1837 2899 non
1858 2822 2016 2900 confido.
2066 2822 2262 2938 Atramenti
2278 2844 2330 2896 est
2346 2822 2463 2906 color,

445 2976 466 3022 a
489 2947 620 3047 reliqui
637 2947 719 3019 libri
742 2946 865 3020 colore
889 2944 1057 3018 diversus.
1105 2947 1193 3014 Nam
1211 2969 1287 3016 non
1311 2942 1545 3016 dubitandum
1565 2964 1631 3032 est,
1656 2944 1789 3018 multos
1811 2969 1936 3016 eorum
1959 2945 2023 3040 qui
2046 2945 2189 3018 codices
2211 2964 2463 3031 tractaverunt,

446 3071 629 3142 atramenti
656 3067 778 3143 colore
803 3067 901 3141 vario
926 3093 964 3138 ιι
989 3066 1062 3137 salli
1088 3090 1162 3138 esse
1187 3090 1319 3163 passos.
1370 3066 1459 3138 Vide
1483 3093 1574 3164 quae
1599 3065 1645 3136 de
1669 3067 1738 3139 hac
1761 3093 1800 3139 re
1824 3065 1914 3138 iufra
1936 3066 2073 3140 monui.

541 3191 675 3282 Quinta
701 3214 788 3262 vero
821 3213 924 3259 causa
948 3187 1091 3258 maximi
1118 3188 1293 3259 momenti
1320 3208 1383 3260 est.
1430 3189 1467 3261 Si
1494 3189 1590 3261 enim
1618 3188 1717 3286 quod
1747 3188 1907 3261 manibus
1938 3207 2036 3260 tenes
2068 3145 2296 3262 simulacrum
2329 3187 2465 3265 codicis

441 3310 670 3408 sangallensis
694 3309 886 3394 evolveris,
923 3329 959 3380 et
987 3308 1225 3380 characterem
1259 3307 1468 3384 Latinorum
1501 3309 1648 3409 paginae
1675 3311 1818 3408 quintae
1843 3337 1927 3384 cum
1950 3308 2151 3384 charactere
2177 3311 2324 3412 paginae
2350 3313 2464 3386 unde-

440 3431 626 3504 vicesimae
646 3430 920 3531 eomparaveris,
944 3430 1062 3502 statim
1078 3429 1231 3502 multum
1249 3428 1406 3503 diversos
1426 3457 1500 3506 esse
1517 3431 1683 3531 reperies.
1734 3437 1857 3526 Quum
1876 3452 1994 3504 autem
2011 3459 2131 3534 perse
2150 3455 2286 3535 pateat,
2312 3459 2352 3508 ea
2372 3462 2462 3538 quae

441 3555 480 3626 in
505 3553 633 3653 pagina
657 3553 773 3654 prima
795 3574 830 3624 et
854 3552 1029 3640 secunda,
1063 3551 1204 3649 quinta,
1236 3572 1350 3639 sexta,
1383 3553 1532 3653 septima
1558 3574 1596 3626 et
1620 3554 1744 3652 quinta
1768 3555 1907 3628 decima
1932 3555 2133 3628 interlineas
2160 3556 2257 3628 etin
2284 3557 2460 3654 margine,

441 3675 592 3776 septima
617 3694 653 3747 et
673 3673 952 3748 octavadecima
972 3675 1012 3744 in
1031 3674 1199 3746 inferiore
1224 3701 1305 3764 ora,
1330 3695 1454 3750 octava
1473 3696 1548 3750 tota
1568 3677 1749 3776 legantur,
1773 3677 1884 3748 scrius
1906 3704 2014 3776 quam
2036 3679 2174 3778 reliqna
2195 3678 2301 3750 huius
2322 3698 2462 3778 quater·

439 3796 558 3870 aionis
582 3797 713 3896 scripta
744 3821 836 3868 esse:
873 3796 1122 3869 tantummodo
1153 3817 1279 3886 restat,
1303 3817 1345 3870 ut
1365 3819 1569 3896 quaeratur,
1593 3800 1632 3870 iu
1657 3827 1764 3898 quam
1787 3820 1935 3874 aetatem
1954 3801 2062 3900 primi
2083 3799 2323 3898 quaternionis
2345 3820 2460 3874 textus

438 3919 581 3992 incidat.
633 3917 752 3990 Primo
772 3918 890 3992 statim
908 3921 1035 3990 obtutu
1055 3918 1204 4016 quisque
1223 3918 1351 3990 harum
1371 3946 1491 3993 rerum
1511 3921 1662 4022 peritior
1678 3923 1859 3996 literarum
1879 3923 2152 3998 maiuscularum
2169 3923 2296 3996 ductus
2313 3924 2460 4023 paginae

438 4039 472 4114 5.
499 4044 535 4114 6.
562 4045 595 4115 7.
622 4041 657 4114 9.
686 4043 743 4114 10.
772 4044 829 4113 11.
859 4041 917 4112 12.
945 4042 1002 4112 13.
1031 4043 1088 4133 14.
1117 4037 1174 4114 15.
1204 4042 1261 4112 16.
1289 4043 1348 4114 17.
1376 4043 1434 4113 18.
1461 4042 1636 4140 agnoscit,
1661 4064 1698 4116 et
1715 4044 1813 4118 ridet
1832 4071 1950 4145 neque
1967 4043 2011 4118 ad
2028 4047 2138 4117 serius
2156 4044 2460 4144 quamdecimum

436 4159 619 4232 saeculum
645 4185 764 4257 neque
792 4158 836 4232 ad
864 4160 966 4259 prius
996 4160 1142 4258 aliquod
1168 4187 1273 4260 posse
1301 4163 1431 4234 referri.
1461 4164 1499 4262 42)
1551 4171 1641 4235 Item
1668 4187 1786 4238 autem
1815 4193 1906 4264 quae
1934 4168 2073 4244 Scotiee
2101 4168 2233 4269 scripta
2256 4168 2294 4239 in
2323 4169 2458 4270 paginis

439 4286 471 4355 1.
501 4283 534 4355 2.
562 4279 596 4355 5.
624 4281 785 4380 (fronte)
814 4281 850 4353 6.
878 4283 912 4354 7.
938 4283 975 4354 8.
1002 4284 1060 4355 18.
1091 4325 1144 4341 -
1174 4284 1223 4355 ita
1255 4283 1351 4356 enim
1383 4286 1552 4358 Ηαιιιιὶἱὶ
1577 4288 1755 4385 catalogus
1787 4287 1887 4386 quod
1922 4290 1966 4361 ad
1997 4291 2156 4391 primum
2188 4290 2458 4388 quaternionem

435 4404 577 4489 attinet,
604 4423 641 4476 et
664 4400 846 4476 Scholzrirs
870 4404 929 4502 (N.
954 4408 995 4477 T.
1018 4411 1055 4478 P.
1081 4409 1149 4506 H.)
1181 4406 1394 4478 emendandi
1417 4448 1470 4468 -
1492 4409 1670 4506 leguntur,
1705 4407 1749 4480 ad
1775 4408 1919 4481 inferius
1944 4438 2052 4510 quarn
2076 4411 2256 4484 decimum
2278 4411 2458 4484 saeculum

435 4526 557 4600 referri
576 4551 651 4598 nou
673 4548 833 4626 possunt.
885 4530 1008 4622 Quum
1025 4549 1144 4602 autem
1165 4529 1398 4603 demonstrari
1418 4511 1550 4630 possit,
1584 4556 1683 4604 nono
1704 4531 1822 4632 ipsum
1840 4531 1971 4604 librum
1991 4533 2133 4608 saeculo
2160 4552 2338 4610 exaratum
2359 4559 2456 4618 esse,

434 4647 505 4720 iarn
529 4647 611 4719 inde
637 4668 757 4748 patere
783 4647 960 4739 existimo,
984 4653 1185 4754 praefixum
1209 4652 1480 4754 quaternionem
1504 4651 1710 4754 antiquitate
1735 4679 1756 4726 a
1779 4673 1905 4728 nostro
1928 4655 2097 4756 superari.

481 4923 513 4997 a)
555 4919 613 4984 ct.
640 4919 841 4984 Amicissimi
867 4920 968 4982 Orellit
991 4921 1126 4988 indicem
1153 4923 1326 4990 lectionum
1348 4925 1737 4998 Turiccntiuma.183⁵
1763 4925 1903 5004 editum,
1930 4927 1983 4994 cui
2009 4927 2056 4993 11.
2078 4930 2167 4992 Tullii
2186 4925 2364 4992 cemma·
2354 4947 2387 4990 ιι
2407 4928 2451 4992 P.

551 5013 717 5078 Vatinium
745 5013 893 5096 iuter-rog
895 5014 1032 5079 ationem
1054 5017 1235 5098 praemisit,
1261 5031 1293 5082 et
1320 5018 1712 5087 codicum''1uriccnsium
1740 5037 1771 5088 et
1792 5021 2060 5089 Einsietllensiurn
2089 5020 2263 5108 specimina
2284 5021 2449 5100 adtexuit,

551 5105 644 5172 ctiam
666 5109 769 5190 Graff:
786 5111 870 5176 Kn'rt
891 5129 957 5173 von
978 5109 1119 5177 Ottsrid.
1139 5111 1245 5196 prael.
1267 5133 1343 5195 pag.
1365 5115 1450 5181 XV.
1472 5138 1513 5182 ea
1534 5117 1667 5200 specim.
1688 5113 1901 5201 frisingensi.
