5240 6318
412 419 534 484 xcvi
1231 417 1597 518 eaoeneoarntta

411 587 617 674 institutam.
668 600 776 692 Quod
804 601 909 672 etiam
933 625 976 670 ex
1001 625 1046 672 eo
1070 589 1302 699 perspicitur,
1327 603 1426 700 quod
1447 627 1515 702 per
1533 621 1649 674 totum
1670 623 1807 674 nonatm
1894 601 1901 616 '
2055 601 2270 674 esaeeulum
2285 601 2426 674 nullum

411 750 478 823 per
503 720 709 793 Germanias
732 721 908 793 nominari
931 741 1052 818 potest
1078 720 1347 809 monasterium,
1380 726 1478 797 nulla
1502 723 1642 812 schola,
1666 725 1705 796 in
1730 753 1800 824 qua
1822 730 1978 798 Graecae
2003 725 2124 797 literae
2150 741 2315 794 unctame
2337 721 2428 803 sint,

413 845 492 918 solo
516 843 731 942 Sangallensi
755 863 905 943 excepto
920 843 970 940 ²²)
1340 942 1364 1042 s
1416 943 1487 1014 112

513 1085 592 1152 Hoc
621 1078 729 1176 igitur
759 1099 896 1150 eertum
930 1099 999 1166 est,
1037 1080 1239 1180 scriptionis
1263 1079 1501 1152 characterem
1525 1079 1642 1152 solum
1667 1079 1768 1154 nullo
1794 1080 1906 1154 modo
1929 1079 2188 1153 documentum
2210 1109 2306 1170 ease,
2342 1084 2428 1156 seri·

412 1224 518 1304 ptum
543 1229 617 1274 esse
643 1202 797 1299 aliquem
822 1201 951 1290 librum
976 1227 1050 1274 non
1075 1223 1147 1273 tam
1171 1201 1265 1302 apud
1291 1205 1488 1274 Germanos
1512 1201 1570 1274 vel
1593 1201 1824 1288 Alamannos,
1849 1228 1956 1298 quam
1981 1201 2076 1300 apud
2101 1203 2285 1278 Hibernos.
2335 1205 2429 1278 Mul

413 1327 532 1399 titudo
559 1326 655 1397 enim
679 1326 755 1425 ipsa
781 1325 947 1398 codicum
970 1323 1237 1420 anglosaxonica
1263 1323 1478 1421 scriptorum
1501 1325 1645 1421 probat,
1670 1321 1708 1391 in
1733 1321 1921 1392 Germania
1946 1342 1980 1394 et
1996 1321 2200 1394 Alamannia
2223 1323 2321 1396 bunc
2342 1327 2430 1399 scri-

415 1447 524 1520 bendi
550 1447 787 1518 characterem
812 1443 970 1542 viguisse.
1021 1449 1068 1515 At
1092 1470 1177 1516 vero
1203 1443 1307 1516 etiam
1332 1444 1369 1513 in
1394 1444 1628 1542 peculiaribus
1652 1442 1810 1530 iudiciis,
1848 1470 1937 1542 quae
1962 1444 2164 1518 Hiberniam
2189 1444 2429 1518 demonstrare

415 1572 600 1656 videntur,
640 1567 895 1669 expendendis,
931 1589 1068 1637 summa
1100 1564 1217 1637 cautio
1252 1585 1304 1636 est
1328 1563 1537 1636 adhibenda.
1588 1571 1641 1636 lta
1665 1568 1854 1638 Scotorum
1877 1564 2101 1638 librariorum
2122 1567 2270 1640 nomina
2295 1567 2431 1640 adiecta

416 1693 517 1763 nullo
544 1689 655 1762 modo
677 1689 851 1760 Senticam
868 1686 1041 1784 originem
1061 1684 1321 1767 demonstrant,
1347 1705 1382 1756 et
1402 1684 1500 1781 quod
1523 1687 1631 1784 magis
1652 1687 1803 1774 mireris,
1828 1715 1873 1760 ne
1893 1687 2049 1786 psalterii
2066 1689 2213 1786 quidem
2229 1689 2430 1762 Basiloensis

415 1813 570 1911 hymnus
603 1811 642 1880 in
672 1809 815 1880 landem
847 1806 989 1878 Patricii
1022 1826 1057 1877 et
1090 1804 1251 1903 brigittae
1286 1826 1321 1877 et
1351 1805 1484 1878 insulae
1517 1809 1731 1880 beatissimae
1757 1811 1891 1883 mentio
1915 1810 1966 1882 ibi
1990 1812 2078 1883 facta
2102 1813 2258 1884 Seotiam
2281 1812 2431 1912 patriam

416 1933 599 2030 assignant.
649 1934 716 2001 Per
747 1955 783 1999 se
817 1928 912 2000 enim
942 1927 1108 1998 credibile
1144 1947 1213 2013 est,
1251 1927 1445 2000 monachos
1476 1930 1669 2016 Hibernos,
1709 1931 1816 2002 etiam
1844 1931 1882 2002 in
1914 1934 2066 2006 externis
2098 1934 2199 2007 terris
2231 1936 2314 2008 sede
2347 1935 2430 2021 fixa,

414 2055 548 2154 patriae
583 2031 722 2125 sancto's
754 2071 960 2148 sanctasque
993 2047 1218 2120 veneratione
1251 2073 1325 2119 esse
1357 2070 1581 2147 prosecutos,
1618 2071 1653 2120 ct
1684 2052 1834 2150 patriam
1866 2053 2017 2124 insulam
2039 2054 2203 2127 laudibus
2228 2057 2429 2128 celebrasse.

414 2176 485 2250 Sed
511 2177 635 2248 doceri
660 2176 766 2246 etiam
790 2193 923 2274 potest,
948 2171 1088 2242 Patrieii
1107 2170 1338 2267 Brigiuaeque
1363 2172 1499 2242 maltum
1522 2171 1561 2242 in
1576 2173 1702 2244 multas
1718 2173 1879 2272 regiones
1894 2175 2108 2248 continentis
2124 2177 2284 2249 transisse
2297 2177 2364 2276 <m)
2380 2215 2432 2238 -

417 2321 453 2371 et
480 2299 640 2397 eogitari,
667 2299 820 2395 aliquam
836 2296 952 2368 Rheni
976 2295 1186 2379 insularum,
1212 2293 1268 2364 vel
1284 2291 1455 2365 maiorem
1470 2294 1525 2368 vel
1544 2295 1690 2366 divitem
1703 2297 1867 2394 Augiam,
1891 2298 2005 2371 verbis
2030 2299 2178 2386 „insola
2199 2299 2431 2370 hamsuffl

421 2423 573 2496 ostendi.
621 2426 675 2494 Ex
699 2421 755 2492 his
782 2419 875 2492 enim
901 2417 1023 2490 insulis
1044 2416 1121 2490 sine
1147 2415 1257 2488 dubio
1284 2415 1473 2516 episeopus
1498 2415 1700 2489 Basileensis
1725 2419 1822 2492 bunc
1844 2421 1976 2492 librum
2001 2419 2088 2492 olim
2110 2439 2235 2492 ataenis
2261 2439 2324 2494 est.

1353 2556 1387 2658 ς.
1416 2556 1497 2627 115.

518 2698 618 2786 Quae
643 2693 761 2764 adhuc
784 2692 1028 2790 exposuimus,
1065 2692 1223 2762 sufficere
1248 2690 1481 2764 videaturad
1506 2693 1840 2780 demonstrandum,
1878 2693 2008 2765 indicia
2029 2693 2164 2793 patriae
2187 2693 2300 2766 modo
2324 2693 2433 2766 relata

418 2816 550 2888 idonea
574 2841 666 2900 esse,
694 2835 745 2899 et,
771 2815 837 2884 nisi
854 2814 919 2884 alia
936 2814 1093 2909 graviora
1109 2813 1222 2883 afferri
1238 2814 1387 2912 possint,
1416 2839 1600 2912 nunquam
1612 2817 1707 2903 fore,
1733 2835 1773 2886 ut
1791 2815 1837 2887 de
1855 2815 1975 2888 haere
1993 2836 2091 2890 certo
2113 2837 2260 2891 constet.
2309 2821 2433 2916 ltaque

421 2964 512 3034 quae
538 2937 688 3035 amplius
714 2935 809 3007 nacti
832 2934 934 3008 nobis
960 2961 1033 3007 esse
1059 2933 1222 3006 videmur
1246 2935 1389 3034 vestigia
1411 2961 1666 3036 proponamus.

1351 3076 1385 3176 §.
1416 3075 1497 3166 114.

524 3214 705 3305 Quantum
729 3211 914 3308 explorare
934 3210 1052 3295 heaut,
1085 3209 1201 3282 codex
1227 3237 1336 3308 quem
1360 3211 1519 3284 manibus
1541 3231 1702 3284 tenemus
1729 3213 1806 3312 ipsa
1835 3211 2069 3286 remotissima
2089 3213 2296 3311 antiquitate
2317 3213 2436 3285 Sancti

421 3336 518 3408 Galli
542 3334 779 3407 bibliothecae
805 3333 1002 3433 adscriptus
1024 3333 1099 3404 fuit
1150 3332 1289 3405 Indices
1312 3333 1547 3406 bibliothecae
1564 3335 1806 3432 sangallensis,
1830 3359 1930 3409 nono
1949 3335 2090 3408 saeculo
2107 3335 2255 3422 exarati,-
2281 3359 2434 3433 quorum

421 3484 559 3566 partem
589 3457 739 3532 Oreum
763 3483 864 3528 meus
890 3456 928 3528 in
951 3455 1099 3554 epistola
1123 3455 1166 3527 ad
1194 3457 1409 3554 Madvigium
1433 3457 1639 3558 proposuit,
1663 3456 1857 3530 indubitata
1881 3459 1987 3530 buius
2006 3457 2089 3528 libri
2106 3455 2238 3528 indicia
2258 3456 2434 3530 exhibent.

421 3586 505 3672 Sed,
537 3583 634 3682 qnod
660 3581 772 3682 pluris
798 3601 869 3666 est,
908 3579 1046 3678 inipso
1072 3579 1241 3678 Botperti
1260 3580 1351 3652 libro
1385 3579 1430 3651 de
1463 3585 1495 3652 S.
1524 3581 1618 3652 Galli
1643 3581 1778 3652 casibus
1799 3581 2017 3679 apertissima
2041 3579 2184 3678 vestiga
2216 3579 2328 3652 nostri
2355 3577 2437 3653 libri

422 3709 592 3782 invenisse
617 3705 706 3775 mihi
728 3702 864 3776 videor.
931 3701 1013 3772 Fuit
1044 3707 1231 3800 Ratpertus
1263 3700 1458 3774 monachus
1490 3708 1694 3790 Hartmoto,
1735 3703 1849 3776 abbati
1887 3707 1920 3774 S.
1956 3702 2068 3784 Galli,
2106 3701 2169 3798 qui
2198 3701 2257 3775 51.
2285 3701 2437 3774 bunarii

421 3833 729 3908 DCCCLXXXIV,
744 3825 851 3910 ‚diem
869 3849 1076 3923 supremum
1093 3823 1191 3909 obiit,
1218 3844 1328 3896 aetate
1345 3849 1486 3924 suppar.
1537 3831 1570 3896 ls
1586 3826 1761 3898 Hartmoti
1776 3824 2114 3898 adminisuntionem
2129 3841 2290 3896 accurate
2305 3820 2438 3896 deseri-

422 3954 511 4054 psit,
538 3972 573 4022 et
597 3951 706 4020 libros
728 3967 801 4020 tam
822 3972 913 4046 quos
938 3945 1130 4034 Grimaldi,
1156 3947 1287 4018 abbatis
1316 3946 1479 4020 canonici
1500 3947 1594 4032 vices
1618 3973 1757 4044 gerens,
1783 3974 1890 4045 quam
1907 3973 2000 4045 quos
2019 3947 2095 4046 ipse
2119 3949 2226 4040 abbas
2247 3945 2437 4031 institutam,

423 4073 576 4174 paravit,
603 4070 827 4173 enumeravit.
878 4069 967 4140 Vide
998 4069 1169 4144 Goldastt'
1190 4075 1288 4141 llerr.
1312 4069 1423 4141 Alam.
1443 4074 1546 4142 Tum.
1567 4075 1595 4147 I.
1619 4074 1655 4142 P.
1675 4072 1707 4142 1.
1729 4095 1807 4170 pag.
1836 4069 1900 4155 29,
1929 4071 1994 4152 50,
2021 4071 2086 4156 51,
2114 4069 2172 4142 52.
2224 4065 2336 4142 Perlz.
2362 4067 2435 4142 le.

424 4221 503 4295 pag.
518 4197 565 4266 70
591 4215 625 4264 et
648 4218 725 4292 pag.
750 4192 807 4262 72.
857 4196 933 4288 Pag
952 4193 1009 4262 52.
1057 4190 1244 4277 Goldasti,
1286 4216 1363 4289 pag.
1387 4190 1445 4263 72.
1497 4188 1629 4264 Pertza'i
1651 4191 1821 4293 expressis
1844 4191 1957 4267 verbis
1978 4192 2258 4286 Evangeltbmm
2275 4191 2438 4262 cotanen

424 4345 534 4390 unum
559 4333 792 4388 enumeratur.

514 4561 544 4636 a)
585 4559 661 4619 Non
683 4554 810 4638 quidem
831 4574 880 4616 ane
901 4553 995 4625 latet,
1027 4549 1105 4632 quid
1125 4564 1237 4614 contra
1263 4572 1298 4613 ea
1320 4571 1402 4634 quae
1422 4551 1520 4612 modo
1540 4543 1696 4622 diximus,
1722 4546 1833 4610 afferri
1853 4547 1967 4612 soleat·
2009 4545 2087 4610 Scio
2107 4548 2212 4612 betam
2232 4569 2303 4614 este
2323 4549 2439 4616 Caroli

584 4649 751 4731 epistolam
779 4643 968 4710 decretalem
996 4643 1065 4718 (ct.
1094 4645 1267 4706 limosam.
1294 4647 1374 4708 Vet.
1402 4657 1434 4710 et
1461 4645 1552 4710 Nor.
1579 4641 1695 4706 eccles.
1722 4641 1889 4723 disciplina
1917 4645 2015 4704 uon.
2035 4643 2104 4715 lv,
2127 4663 2204 4728 pag.
2226 4643 2298 4707 tot.
2340 4644 2440 4728 Apud

586 4745 750 4806 Lucanam
771 4742 917 4822 aliosque
946 4739 1076 4813 multos,
1107 4737 1189 4801 idem
1219 4751 1454 4803 monumentum
1481 4757 1669 4819 expressum
1697 4739 1776 4812 est.)
1803 4739 1843 4800 de
1867 4737 2032 4800 condenda
2061 4736 2249 4818 Oanabrugi
2274 4737 2439 4804 literarum

586 4838 784 4899 Graecarum
806 4835 936 4907 schola;
958 4832 1028 4896 acio
1049 4831 1207 4912 suspicari
1228 4833 1417 4909 nonnullos,
1439 4831 1533 4896 etiam
1555 4831 1713 4899 Coloniae
1733 4829 1842 4894 literas
1857 4831 1999 4894 Graecas
2019 4841 2170 4896 tractatae
2189 4853 2278 4908 ωας
2298 4834 2356 4898 aed
2369 4831 2439 4898 acio

585 4929 677 4992 etiam
709 4931 788 4991 haee
819 4927 923 4991 omnia
955 4949 1018 4992 nou
1047 4949 1142 5010 posse
1169 4927 1316 5009 probari.
1362 4927 1510 4992 'l'raieeti
1538 4931 1579 4994 ad
1606 4929 1750 4994 Rhenum
1779 4925 1904 4988 Graeca
1930 4925 2125 5010 naualique
2144 4939 2290 5011 ωροτε
2310 4939 2438 5011 praeter

531 5088 535 5096 ,
587 5021 844 5098 consuetudinem
867 5021 1021 5102 tnagistro
1042 5023 1144 5086 Senta
1165 5025 1400 5097 tractabantur,
1421 5021 1478 5088 Cl.
1502 5024 1676 5086 tamma.
1695 5020 1720 5086 l.
1742 5041 1773 5084 c.
1795 5039 1872 5102 pag.
1893 5019 1968 5084 itt.

493 5121 540 5198 **)
584 5115 641 5182 Cf.
663 5117 795 5179 Bolluad.
816 5129 848 5180 et
867 5117 1001 5178 umas
1020 5129 1090 5180 aeta
1110 5127 1225 5182 sancti.
1248 5139 1347 5184 tuens.
1368 5119 1470 5184 Febr.
