5240 6318
791 417 1031 484 nutttottts
1054 413 1329 486 cuttstttum.
1371 412 1478 486 CAP·
1499 415 1546 488 ll·
2112 425 2180 494 l'll

258 577 447 646 Caeterum
477 571 591 646 nostri
626 569 707 644 libri
741 571 883 646 fortuna
918 571 1101 646 luculento
1135 570 1298 674 exemplo
1336 567 1465 660 docet,
1503 589 1634 672 quauta
1672 567 1798 648 iniuria
1836 593 1872 652 et
1905 572 2010 653 timul
2049 575 2181 656 incuria
2284 645 2289 652 .

155 693 379 792 antiquitatis
403 714 633 770 monumenta
658 714 867 781 tractentur,
900 714 937 768 et
969 720 1076 792 quam
1100 719 1175 770 non
1207 693 1253 768 sit
1288 691 1375 766 utile
1409 691 1501 770 viam
1527 692 1646 794 aequi,
1679 719 1750 792 qua
1774 691 1957 774 &balam
1972 779 1977 786 ,
1991 695 2027 773 iu
2059 697 2182 776 itinere

156 840 228 888 suo
254 813 412 890 literaria
438 836 492 888 est
515 815 707 914 ingressus,
733 815 901 892 nimirum
927 815 1063 916 aliquot
1087 815 1261 892 sectiones
1286 813 1526 905 examinandi,
1552 835 1588 891 et
1611 813 1739 892 deinde
1761 815 1805 895 de
1832 838 1911 893 toto
1937 817 2077 918 iugenio
2103 820 2182 899 libri

155 935 340 1010 iudicium
363 937 511 1014 ferendi.
559 943 695 1012 Tamen
719 939 859 1014 nullum
884 959 1021 1014 certum
1046 938 1230 1038 vestigium
1255 937 1293 1012 in
1317 933 1632 1042 &interremptis
1665 937 1902 1044 deprehendi,
1937 937 2035 1044 quod
2068 960 2184 1018 osteo-

155 1057 285 1148 deret‚
311 1088 394 1136 eum
418 1061 475 1136 vel
499 1087 537 1139 re
562 1089 644 1138 vera
668 1063 786 1138 Sancti
810 1061 904 1136 Galli
928 1061 1050 1150 fuisse,
1076 1061 1132 1138 vel
1156 1082 1318 1138 nostrum
1343 1059 1473 1140 libram
1498 1059 1634 1140 vidisse.

910 1292 1443 1326 *ff

1032 1498 1130 1578 CA
1156 1499 1204 1580 Ρ.
1254 1499 1318 1580 ΙΙ.

676 1672 1057 1758 mx'rmttva
1091 1676 1337 1760 LIBRI
1369 1673 1678 1774 Mollis·

1051 1857 1276 1876 ᾖ

1133 2061 1140 2079 .
1182 2005 1239 2080 12.

263 2129 317 2198 De
343 2145 570 2226 compactura
588 2123 670 2212 libri
695 2123 813 2200 dicere
835 2125 887 2200 nil
911 2124 1045 2200 attinet.
1094 2005 1249 2200 'lantum
1266 2125 1361 2202 enirn
1380 2131 1493 2218 abest,
1519 2147 1559 2204 ut
1579 2125 1757 2232 primaeva
1777 2125 1839 2214 tit,
1865 2145 1906 2202 ut
1923 2125 2042 2229 potius
2064 2151 2184 2202 recens

157 2247 310 2322 condita
323 2267 403 2322 ante
422 2273 498 2321 non
514 2247 624 2320 multa
641 2247 811 2322 decennia
827 2249 996 2322 videatur.
1048 2247 1210 2324 Altitudo
1226 2249 1395 2326 soliorum
1409 2275 1540 2328 novem
1564 2249 1756 2348 digitorum
1782 2267 1849 2334 eet,
1875 2247 2025 2322 latitudo
2051 2267 2186 2352 septem

158 2395 247 2443 eum
281 2369 485 2468 quadrante.
545 2369 673 2442 Omnia
709 2371 792 2444 solia
819 2369 1012 2472 aequaliter
1037 2371 1266 2448 circumtecta
1294 2393 1394 2464 sunt,
1431 2395 1467 2448 st
1491 2375 1703 2450 extrinsecus
1730 2373 1839 2448 rubro
1864 2371 1984 2446 colore
2011 2369 2185 2474 adspersa.

157 2495 365 2592 Antequam
383 2492 515 2566 librum
538 2492 669 2593 aperis,
695 2493 765 2564 iam
785 2513 944 2568 accurate
963 2493 1050 2568 duas
1075 2495 1150 2568 eius
1167 2517 1284 2596 partes
1302 2515 1443 2570 externa
1466 2497 1584 2600 specie
1603 2496 1815 2592 distinguere
1833 2513 1954 2598 potet,
1980 2491 2185 2594 praesertim

156 2614 191 2684 si
212 2613 422 2689 inferiorem
442 2641 542 2688 oram
564 2613 694 2686 intueri
713 2615 809 2689 velis.
860 2621 1017 2716 Namque
1039 2643 1152 2716 qutun
1176 2617 1303 2716 reliqui
1323 2619 1432 2690 totius
1451 2619 1531 2692 libri
1552 2643 1672 2714 margo
1696 2642 1737 2691 ea
1755 2637 1855 2720 parte
1879 2643 1950 2720 qua
1968 2613 2100 2690 uacuus
2125 2635 2177 2686 ert

154 2735 343 2833 puncurlis
366 2737 464 2810 rubri
485 2737 611 2810 coloris
634 2735 820 2834 adspersas
851 2737 911 2824 rit,
946 2737 1031 2811 folia
1060 2757 1144 2810 octo
1176 2737 1295 2836 priora
1326 2740 1495 2840 penicillo
1530 2740 1629 2814 lima
1660 2739 1773 2810 rubrr'r
1801 2756 1930 2812 notata.
1982 2741 2061 2836 lpse
2095 2733 2184 2806 adeo

157 2856 270 2930 color
293 2853 510 2927 rubicundus
535 2854 705 2954 adspecta
727 2855 945 2951 aliquantam
969 2857 1011 2928 ab
1037 2881 1082 2928 eo
1108 2855 1240 2946 differt,
1279 2883 1352 2958 quo
1378 2859 1491 2932 maior
1514 2859 1595 2934 libri
1620 2883 1700 2960 pera
1726 2857 1939 2936 extrinsecus
1962 2857 2096 2932 imbute
2124 2875 2184 2928 ert.

158 2981 289 3076 Itaque
304 2995 423 3078 patet,
449 2995 533 3049 octo
555 2975 614 3046 illa
630 2974 714 3048 folia
730 2975 822 3048 libro
842 2995 966 3052 nostro
990 2974 1167 3054 udwcltta
1187 3003 1231 3054 eo
1253 2997 1413 3084 tempore
1434 3007 1508 3056 non
1528 2983 1633 3056 luisse
1656 3007 1729 3082 quo
1753 2980 1873 3058 deuuo
1893 2997 2100 3080 compactus
2124 2996 2184 3053 ert.

158 3095 276 3192 Quod
303 3115 340 3168 et
363 3095 439 3170 aliis
463 3096 656 3170 rationibm
682 3097 865 3178 evincitur.

1103 3235 1137 3338 ς.
1179 3238 1237 3310 ts,

264 3365 411 3436 Librum
425 3361 521 3434 enirn
538 3359 657 3462 ipsunt
673 3359 850 3434 evolventi
872 3359 936 3434 tibi
958 3357 1076 3434 statim
1099 3358 1202 3434 initio
1223 3360 1410 3460 quaternio
1428 3361 1464 3434 in
1483 3359 1607 3434 oculor
1629 3359 1777 3434 incurrit
1799 3355 1988 3443 absolutus,
2011 3357 2072 3456 qui
2092 3355 2186 3432 illam

159 3485 247 3560 libri
264 3503 402 3588 partem
425 3482 693 3584 complectitur,
720 3483 820 3556 cuius
844 3481 1038 3582 marginem
1064 3509 1084 3558 a
1106 3483 1245 3584 reliquo
1267 3483 1369 3556 l'acile
1392 3483 1544 3556 discerni
1569 3509 1673 3586 posse
1697 3481 1807 3556 modo
1829 3477 2067 3554 maureliani.
2117 3477 2184 3550 Sed

161 3629 201 3684 et
227 3629 325 3682 tactu
355 3607 600 3704 distinguitur;
634 3606 739 3702 (nam
765 3605 872 3678 huius
902 3605 1144 3706 quaternionis
1173 3608 1394 3682 membranae
1425 3607 1540 3680 multo
1576 3623 1657 3678 suat
1693 3605 1885 3690 tenuiores,
1924 3625 2031 3700 quam
2062 3623 2186 3674 eorum

162 3729 329 3806 omnium
359 3729 422 3828 qui
446 3731 664 3828 sequuntur)
690 3748 727 3800 et
750 3727 829 3830 ipso
855 3731 1138 3802 membranarum
1166 3727 1288 3802 colore
1312 3729 1479 3803 subflavo.
1536 3728 1572 3800 Si
1596 3751 1763 3802 numeros
1788 3725 1825 3798 in
1849 3747 1985 3796 summa
2010 3745 2071 3794 ors
2096 3747 2187 3794 mar-

162 3853 256 3954 ginis
280 3851 462 3926 exterioris
488 3850 683 3925 collocatos
708 3850 869 3951 respicis,
894 3850 1084 3936 mirabere,
1111 3849 1209 3948 quod
1236 3875 1314 3950 pag.
1340 3849 1454 3950 prima
1482 3849 1627 3948 quidem
1649 3869 1838 3922 numerum
1862 3839 2017 3942 primum
2042 3859 2077 3914 tt
2101 3867 2185 3918 vtro

161 3975 294 4078 pagina
317 3995 414 4047 sexta
438 3972 576 4044 decima
599 3997 790 4045 numerum
814 3967 1142 4042 duodevicesimam
1162 3967 1316 4040 umber.
1369 3975 1455 4040 Nam
1476 3997 1588 4070 quum
1607 3989 1759 4069 quatuor
1779 3959 2027 4040 tantummodo
2046 3971 2185 4049 chan„

163 4101 214 4172 ita
238 4096 307 4169 sibi
329 4093 482 4166 invicem
505 4089 654 4160 insertae
678 4094 766 4177 sint,
801 4111 843 4162 at
865 4088 1000 4190 primae
1025 4088 1096 4164 tint
1119 4089 1245 4164 solium
1269 4089 1426 4192 primum
1451 4111 1487 4164 et
1512 4111 1695 4178 octavum,
1728 4090 1902 4174 secundae
1928 4101 2125 4177 woradum
2151 4123 2187 4176 et

164 4217 377 4320 septimum,
402 4211 524 4284 tertiae
547 4207 691 4282 tertium
716 4231 752 4282 et
776 4231 932 4300 mum,
957 4231 1101 4312 quartae
1127 4231 1293 4314 quarm
1317 4231 1354 4284 et
1379 4211 1561 4312 quintum:
1592 4213 1750 4290 desectus
1777 4223 1925 4298 omuino
1951 4251 2025 4300 esse
2049 4227 2183 4326 nequit.

162 4347 289 4436 Quum
320 4357 440 4411 antem
471 4335 676 4438 paginarum
709 4335 849 4408 numeri
878 4361 947 4438 per
980 4357 1096 4412 totum
1128 4335 1291 4412 codicem
1318 4335 2186 4423 rubricaameaorradeomrlulmaammu

163 4465 256 4550 sint,
282 4483 335 4568 et,
360 4459 390 4531 si
411 4459 570 4532 ordbran
589 4485 809 4530 numeram
829 4480 985 4560 spectes,
1011 4461 1138 4564 pagina
1156 4461 1180 4532 3
1197 4479 1233 4534 et
1251 4463 1275 4552 4
1296 4458 1430 4546 desint,
1456 4483 1597 4534 necem
1618 4481 1670 4534 est
1689 4482 1876 4550 stautatur,
1901 4491 1983 4540 etun
2001 4465 2184 4542 bominem

164 4587 232 4687 qui
253 4588 341 4659 istos
362 4610 530 4659 nummos
556 4581 694 4654 rubrica
716 4577 899 4664 adiecerit,
933 4609 1075 4658 errasse.
1125 4587 1248 4684 Itaque
1276 4580 1403 4658 Orellr'r'
1423 4581 1493 4656 mei
1518 4581 1711 4686 descriptio
1735 4583 1954 4658 emendanda
1983 4605 2045 4661 ert.
2097 4591 2184 4662 n'am

166 4703 869 4810 ermmninasolt'rarrerrukurrrest.
918 4703 2184 4810 etaiamquaedesabocredmbaecodicirlamnaadmrmirb

165 4830 335 4903 Hilariaai
357 4855 498 4901 versum
521 4829 774 4927 sexagesimam
798 4823 973 4898 adnotati.

265 4937 1744 5052 Quotupdmhuimqmmnioninbrgutasotiapemmm,mve,msaflarb.
1784 4953 2183 5052 ttamqmstermrmm

166 5071 292 5148 famem
312 5073 420 5176 primi
443 5073 520 5148 lolii
542 5075 802 5174 contemplatus
826 5069 950 5157 fueris,
984 5067 1085 5144 facile
1108 5070 1295 5150 dedtrceris
1315 5071 1359 5148 ad
1381 5069 1608 5174 opinionem,
1643 5071 1716 5148 hoc
1739 5069 1784 5146 ad
1809 5071 1945 5174 reliqua
1966 5074 2071 5152 butu
2097 5102 2184 5176 qua·
