5240 6318
531 485 534 492 ·
672 451 735 516 ma
758 448 944 517 conrcrs
966 447 1143 516 aarum
1164 447 1227 517 nr
1248 445 1456 514 arrasa.
1498 445 1606 514 car.
1627 447 1708 514 vrr.
2061 449 2197 513 xsvn

1120 632 1154 734 §-
1183 626 1263 702 115.
1349 712 1353 722 ,
1462 633 1467 642 ·

288 799 324 872 Si
348 822 489 870 mecum
514 813 661 895 reputo,
705 818 774 892 qua
799 789 997 864 eruditione
1030 792 1093 864 illo
1119 813 1280 892 ternpore
1305 795 1337 863 S.
1364 789 1457 861 Galli
1483 790 1697 862 coenobium
1723 790 1898 873 floruerit,
1935 817 2009 866 nou
2035 820 2198 894 possum,

191 921 277 1020 quin
301 939 448 991 statuam
472 938 634 990 nostrum
659 915 787 986 librum
824 915 888 984 sub
921 918 1107 1027 Ilartmoto
1141 940 1215 987 esse
1247 915 1453 1024 perfectum.
1504 911 1662 984 Primum
1694 913 1788 984 enim
1814 935 1969 1002 constat,
2011 921 2075 988 sub
2101 924 2201 991 Hart-

190 1062 289 1115 moto
319 1041 357 1116 in
390 1038 603 1113 monasterio
634 1042 666 1109 S.
697 1036 790 1107 Galli
823 1036 919 1108 libris
952 1035 1131 1110 exarandis
1156 1037 1307 1109 multum
1334 1060 1462 1135 operae
1489 1059 1562 1105 esse
1587 1033 1799 1133 impensum.
1850 1039 1900 1109 Cf.
1927 1039 2098 1135 Ralperti
2118 1042 2141 1119 l.
2168 1070 2198 1114 c.

189 1167 353 1236 Exstahat
376 1161 557 1245 conclave,
570 1158 668 1232 'solis
692 1157 930 1231 describendis
955 1158 1137 1232 codicibus
1163 1158 1394 1250 destinatum3
1418 1155 1685 1254 scriptoriam&
1708 1156 1963 1232 nominabatur.
2015 1163 2067 1239 Cf.
2085 1163 2203 1235 Eltlte-

190 1281 298 1356 hard.
319 1282 393 1356 iun.
426 1283 522 1382 apud
550 1281 719 1357 Goldost.·
740 1279 765 1352 l.
791 1307 824 1352 c.
848 1305 925 1380 pag.
953 1276 1012 1351 55.
1037 1281 1131 1353 med.
1157 1278 1270 1354 Perta.
1298 1305 1458 1360 monum.
1482 1278 1506 1352 l.
1534 1306 1564 1356 c.
1597 1303 1676 1378 pag.
1703 1276 1763 1352 95.
1794 1285 1880 1352 Acta
1906 1282 1983 1354 ord.
2009 1288 2042 1356 S
2071 1286 2198 1357 bened.

189 1404 268 1478 vot.
293 1409 366 1478 VII.
395 1403 455 1476 sol.
485 1404 541 1474 15.
592 1403 647 1475 Ibi
676 1403 715 1474 in
747 1402 932 1474 intervallo
964 1402 1110 1474 laudum
1134 1423 1314 1476 nocturno
1339 1401 1527 1481 convenire
1553 1401 1712 1474 solebant
1742 1401 1781 1476 Τ
1776 1403 1903 1488 uotilo,
1946 1403 2143 1504 liutpertus
2167 1428 2202 1480 et

188 1520 367 1598 Notlrerus
390 1523 564 1606 balbulus,
605 1524 883 1623 collationesque
916 1525 962 1596 de
993 1525 1174 1625 scripturis
1206 1529 1329 1598 facere.
1380 1525 1431 1596 cf.
1457 1524 1494 1596 ll.
1523 1549 1576 1597 aa.
1608 1521 1786 1606 Nollems
1819 1526 1983 1624 epistolas
2017 1529 2202 1600 canonicas

189 1651 358 1734 Graecas,
385 1673 404 1716 a
428 1645 636 1734 Liutvardo,
661 1644 873 1718 vercellensi
899 1645 1088 1748 episcopo,
1114 1649 1241 1748 petitas
1254 1647 1317 1752 llil)
1342 1647 1457 1722 mttlto
1480 1645 1610 1718 sudore
1637 1645 1856 1744 exemplavit.
1908 1649 1959 1719 Cf.
1980 1651 2104 1722 Annal.
2124 1650 2200 1722 ord.

188 1773 222 1842 S.
249 1775 330 1841 Ben.
363 1769 387 1840 l.
418 1795 448 1840 c.
478 1792 557 1867 pag,
593 1770 636 1843 17
673 1788 708 1841 et
745 1768 792 1843 19
823 1789 859 1840 et
889 1767 1098 1842 Ellehard.
1125 1772 1221 1871 apud
1249 1771 1414 1855 GoHast.
1439 1793 1517 1868 pag.
1544 1766 1602 1840 59.
1629 1793 1685 1867 ap.
1711 1765 1823 1840 Perta.
1849 1794 1886 1868 p.
1916 1769 1997 1841 101.
2049 1775 2103 1840 Ex
2130 1797 2202 1867 quo

192 1890 419 1989 intelligitur,
463 1890 568 1962 etiam
600 1894 756 1963 Graecos
781 1891 923 1964 codices
947 1890 985 1962 in
1010 1892 1185 1982 coenobio
1210 1897 1242 1972 S.
1269 1892 1364 1970 Galli
1388 1891 1510 1976 maer,
1551 1889 1755 1988 ibidemque
1781 1915 1904 1962 recens
1928 1912 2084 1964 exaratos
2112 1919 2203 1978 esse,

195 2039 408 2112 quamquam
432 2038 605 2111 nusquam
631 1991 767 2084 disertis
792 2012 905 2084 verbis
930 2013 987 2085 vel
1012 2013 1208 2113 Ratprrao
1232 2016 1288 2096 tel
1313 2013 1552 2093 Eltkeltardus
1567 2011 1734 2096 codicum
1750 2018 1970 2085 Graecorum
1987 2014 2205 2086 mentionem

190 2137 330 2210 faciunt.
383 2136 471 2208 Inde
497 2161 540 2208 ex
564 2161 624 2223 en,
660 2134 760 2234 quod
783 2132 823 2206 in
846 2137 1004 2235 Ratperti
1029 2135 1146 2208 iatius
1170 2135 1215 2208 ad
1252 2191 1273 2223 „
1282 2138 1539 2234 evangeliorum
1563 2135 1727 2220 volumen
1752 2150 1893 2210 naum⁴⁴
1929 2161 2006 2209 non
2030 2136 2204 2208 adiectum

191 2281 244 2332 est
267 2265 504 2346 Graecorum,
529 2283 604 2332 non
629 2257 822 2355 colligitur,
847 2257 969 2329 Latine
996 2257 1168 2358 scriptum
1191 2257 1305 2330 nisse.

1127 2438 1162 2538 §.
1191 2436 1273 2508 tta

290 2572 425 2646 Deinde
450 2572 489 2643 in
513 2569 670 2670 liutperti
694 2568 785 2642 libro
810 2567 878 2642 bos
903 2595 1021 2644 versus
1046 2573 1178 2672 reperi:

394 2694 549 2767 Praemia
575 2712 767 2780 tantorum,
794 2691 854 2764 oui
878 2692 991 2780 done,
1017 2693 1170 2776 Christe,
1195 2694 1375 2778 laborum,

389 2816 557 2913 Huieque
580 2815 707 2914 polum
732 2815 878 2896 tribuas,
904 2813 966 2912 qui
991 2813 1116 2913 sydera
1141 2814 1232 2894 celsa
1258 2837 1406 2899 crearas,

390 2937 588 3024 Mattheus,
621 2943 776 3017 Marcus,
809 2940 923 3006 Lucas
946 2936 1148 3034 pariterque
1173 2935 1347 3008 Iohannes

390 3058 466 3129 Sint
490 3056 543 3128 illi
567 3057 715 3128 comites
740 3083 895 3154 quorum
921 3057 1117 3130 celebrabat
1140 3059 1296 3130 honores
1312 3057 1408 3158 W)

290 3187 379 3254 Sunt
411 3181 438 3251 ii
469 3179 645 3251 Grimaldi
677 3179 807 3250 abbatis
840 3179 930 3252 vitae
961 3178 1081 3251 additi.
1131 3179 1199 3258 Sed
1236 3180 1384 3253 omnino
1416 3205 1493 3254 nou
1516 3180 1616 3254 valeo
1642 3181 1826 3279 expedire,
1870 3212 1939 3282 qua
1965 3187 2098 3260 ratione
2126 3219 2207 3264 curu

192 3307 257 3384 ista
281 3305 352 3383 rita
377 3302 633 3382 conabamur.
683 3299 902 3390 canadas.
927 3304 1046 3388 abbas,
1071 3318 1242 3400 utsupra
1266 3303 1410 3390 monui.
1435 3302 1640 3390 eanonicus.
1665 3329 1730 3404 per
1754 3304 1891 3403 triginta
1908 3327 1943 3380 et
1958 3335 2070 3388 unum
2086 3339 2206 3401 annos,

195 3426 322 3526 quibus
348 3424 561 3504 coenobium
585 3428 621 3507 S,
645 3422 740 3502 Galli
765 3423 872 3510 rexit,
913 3423 971 3500 vix
1002 3422 1188 3522 aliquoties
1221 3423 1271 3497 ibi
1303 3445 1355 3508 est
1379 3450 1601 3534 perpaucos
1628 3425 1701 3510 dies
1729 3451 1978 3522 commoratus,
2029 3441 2208 3533 Nusquam

193 3547 378 3652 vestigium
403 3547 549 3648 detego,
594 3570 737 3642 exque
762 3545 940 3626 conticere
964 3545 1116 3634 valeam.
1158 3547 1244 3646 quid
1269 3553 1457 3658 Ratpertus
1480 3548 1537 3634 vet
1563 3551 1628 3634 aab
1654 3549 1756 3634 tauris
1781 3551 1958 3638 laboribus
1983 3557 2205 3653 angium,

192 3670 249 3748 vel
275 3697 381 3770 quam
406 3667 613 3746 sententiam
638 3669 743 3748 tertio
768 3668 900 3761 versui,
946 3668 990 3749 de
1017 3689 1170 3768 quatuor
1195 3671 1569 3786 evangelistis‘agenti,
1612 3672 1808 3760 subiacent.
1871 3679 1988 3768 Quare
2013 3679 2207 3779 suspicatus

193 3820 272 3902 mm
297 3793 413 3880 illies,
455 3819 539 3872 casu
569 3791 658 3872 haea
691 3794 795 3874 verba
819 3791 993 3873 Grimaldi
1018 3793 1149 3874 abbatis
1173 3793 1263 3876 vitae
1289 3793 1424 3876 adiecta
1449 3819 1542 3879 aare,
1582 3819 1671 3898 quae
1706 3796 1880 3878 tamari
1910 3799 2112 3895 proabbatis
2143 3803 2207 3886 sut

193 3914 397 3999 Grimaldo,
436 3934 473 3985 et
497 3913 626 3985 deinde
660 3914 792 3985 abbatis
816 3914 924 3986 vitam
947 3914 1108 4012 proxime
1133 3933 1304 4012 spectent.
1368 3921 1526 4012 Namque
1551 3920 1755 4000 Hartutotus
1779 3937 1953 4004 narratur,
1995 3920 2206 4020 impendisse

194 4039 354 4136 ingentes
377 4035 516 4108 labores
541 4056 613 4106 tarn
637 4035 794 4108 felicitati
817 4035 998 4108 universae
1023 4033 1243 4122 monasterii,
1285 4061 1390 4133 quam
1423 4037 1596 4136 imprimis
1621 4037 1852 4112 bibliothecae
1879 4040 2063 4111 maximam
2089 4069 2209 4113 curam

194 4159 338 4258 gessisse
354 4161 416 4257 †),
459 4183 608 4255 eamque
643 4177 716 4228 tam
744 4157 921 4228 Grimaldi
953 4157 1101 4230 vicarius
1134 4183 1241 4254 quam
1265 4156 1375 4230 serius
1400 4161 1502 4244 abbas
1527 4184 1741 4258 magnopere
1767 4160 2014 4260 locupletasse3
2051 4184 2210 4237 narratur

194 4363 568 4388 *—

280 4487 312 4566 *)
352 4485 391 4556 ln
412 4480 629 4572 antiquissima
649 4484 689 4552 Se
709 4480 796 4552 Galli
816 4479 1050 4572 ichnographia
1067 4484 1165 4554 mittet
1188 4479 1419 4560 bibliothecam
1448 4482 1611 4566 reperitur
1636 4481 1839 4562 ‘kllrtssititt'lh
1881 4484 1976 4558 heta·
2002 4485 2027 4555 l.
2049 4505 2080 4551 c.
2102 4507 2134 4565 p.
2154 4485 2206 4554 95.

262 4581 309 4661 **)
351 4575 563 4652 Santewon
592 4577 832 4646 contimratione
861 4577 1014 4660 epitomes
1040 4578 1431 4661 ammoneremus.
1459 4577 1622 4663 pagssli,
1669 4577 1869 4650 Ekkeborduat
1887 4578 1954 4656 ¹bap.
1977 4576 2107 4653 Golden,
2129 4578 2152 4648 1.
2175 4600 2205 4658 p.

210 4687 212 4695 “
355 4681 434 4755 pag.
455 4672 495 4734 59
516 4673 601 4751 apud
620 4672 715 4734 Perta.
735 4693 813 4761 pag.
836 4661 907 4746 101)
927 4684 1058 4734 secutus
1074 4673 1156 4733 baec
1176 4670 1276 4735 rerba
1297 4684 1386 4734 recte
1406 4675 1508 4752 cepit,
1544 4671 1671 4745 diceus,
1701 4672 1858 4733 ll’otlteram
1883 4672 1922 4744 ab
1945 4670 2097 4752 episcopo
2120 4672 2207 4740 Ver·-

352 4763 488 4840 qellettei
508 4763 626 4828 librare
647 4765 709 4830 sibl
729 4763 942 4846 expetivisse,
976 4787 1071 4848 quera
1097 4765 1266 4829 deliberet.
1306 4767 1483 4848 Perper-mu
1504 4763 1703 4830 benedictini
1724 4765 1748 4826 l'.
1771 4785 1802 4826 c.
1826 4767 1922 4827 verba
1945 4763 1986 4827 ita
2010 4764 2209 4846 interpretati

211 4911 215 4941 ι
353 4871 446 4942 tunt·
468 4857 559 4943 awti
577 4858 918 4945 mortuummare
938 4871 1117 4934 maante·
1138 4863 1303 4939 aaaron
1323 4863 1356 4936 ia
1373 4859 1444 4936 nat
1466 4883 1555 4935 usare
1574 4857 1727 4944 esinatae
1746 4857 1999 4940 transcripserit.

245 4956 312 5030 *Ὃ
353 4956 611 5018 amarescentes
631 4976 700 5017 eum
722 4966 828 5018 textus
848 4952 1149 5024 conformationem.

277 5052 317 5128 †)
357 5047 492 5132 „Igitur
514 5048 707 5112 venerabilis
727 5051 827 5130 abbas
847 5050 1034 5112 Hartmotue
1053 5059 1129 5130 post
1148 5059 1328 5124 tantomrn,
1359 5061 1393 5115 ut
1413 5067 1510 5130 supra
1530 5046 1847 5112 commemoravimus
1865 5045 2094 5128 perfectionem
2118 5046 2209 5110 labo-

360 5145 466 5214 rrtm.“
506 5142 620 5206 Verba
641 5155 718 5207 aunt
737 5143 872 5224 Ruperti
891 5143 976 5234 aptat
992 5142 1091 5214 Perta.
1110 5161 1187 5228 pag.
1206 5141 1258 5216 liu
1385 5149 1389 5156 '
