5240 6318
810 429 1049 498 notrtotus
1073 427 1347 497 CONSILIUM.
1390 423 1495 498 cAP.
1516 429 1562 492 11.
2140 438 2192 502 {x

1112 615 1146 715 ς.
1189 613 1246 683 ts.

274 751 361 828 Inde
386 775 462 825 non
484 745 679 847 colligitur,
704 771 778 846 quo
805 769 967 851 tempore
992 775 1075 823 cum
1095 769 1220 823 nostro
1240 745 1300 819 ille
1326 745 1463 848 primus
1484 749 1668 846 quaternio
1692 747 1738 818 sit
1760 745 1808 818 ita
1829 751 2015 850 copulatus
2036 775 2076 826 ιιι
2097 781 2194 830 nunc

177 899 239 954 est.
279 880 381 970 Quae
400 872 546 972 quidem
567 870 726 968 quaestio
743 870 949 944 difficillima
967 892 1028 945 est.
1071 873 1206 946 Tamen
1224 871 1297 944 hoc
1317 871 1354 940 in
1374 869 1496 969 aprico
1516 891 1580 951 est,
1606 871 1736 942 factum
1755 868 1899 943 demum
1920 900 1993 948 esse
2013 897 2192 977 tempore,

177 1027 250 1099 quo
268 999 441 1071 librorum
458 1012 702 1094 compactores
722 993 854 1066 accisos
871 995 1044 1092 margines
1061 993 1239 1067 coloribus
1258 1017 1382 1065 ornare
1397 991 1468 1064 iam
1485 1013 1753 1066 consueverunt.
1792 997 1919 1066 Utrum
1938 996 2033 1068 enim
2050 1017 2192 1086 statuas,

176 1142 257 1194 ante
289 1119 555 1220 copulationem
585 1141 671 1191 cum
694 1136 817 1189 nostro
846 1117 1116 1213 quaternionem
1145 1116 1302 1216 primum
1329 1140 1422 1213 puro
1451 1111 1606 1212 margine
1634 1116 1759 1207 firisse,
1797 1149 1841 1194 an
1871 1123 1918 1192 ita
1950 1139 1992 1191 ut
2017 1145 2113 1191 nunc
2143 1141 2196 1192 est

176 1245 370 1341 variegato‚
404 1261 519 1312 tamen
544 1256 661 1336 patet,
693 1238 866 1334 margines
892 1263 968 1310 non
993 1239 1106 1310 srirrul
1128 1264 1201 1310 esse
1227 1238 1365 1338 pictos,
1401 1238 1483 1334 quia
1519 1263 1594 1310 non
1627 1263 1742 1312 essent
1779 1243 2056 1318 diversicolores.
2105 1241 2195 1314 Mihi

176 1388 296 1440 autem
320 1390 395 1436 non
418 1361 575 1434 innotuit
599 1359 743 1455 qundo
767 1360 832 1430 ista
857 1360 1030 1457 margines
1055 1361 1235 1432 coloribus
1260 1359 1411 1432 ornandi
1436 1360 1659 1434 consuetudo
1684 1363 1878 1438 invaluerit.

274 1486 336 1558 His
352 1479 550 1584 perpensis,
576 1481 800 1552 statuendum
815 1481 973 1569 videtur,
1000 1483 1270 1579 quaternionem
1285 1482 1443 1580 primum
1458 1481 1752 1582 Hieronymianae
1770 1488 1940 1560 versionis
1957 1487 2043 1562 olim
2058 1509 2195 1588 partem

178 1611 302 1696 luisse,
328 1629 364 1678 et
384 1606 503 1703 aliquo
523 1603 657 1676 recenti
676 1604 817 1676 saeculo
837 1602 921 1677 ideo
941 1624 1065 1676 nostro
1086 1605 1281 1703 praefixum
1298 1631 1390 1700 esse,
1416 1605 1499 1701 quia
1522 1631 1675 1678 canones
1694 1629 1731 1679 et
1749 1610 1902 1710 capitula
1923 1609 1961 1680 in
1982 1609 2195 1707 marginibus

180 1733 256 1805 eius
278 1731 465 1802 exstabant.
521 1731 669 1796 Factum
700 1724 774 1798 hoc
800 1727 845 1797 sit
873 1752 1017 1798 necesse
1041 1747 1110 1813 est,
1141 1753 1216 1800 non
1242 1752 1286 1798 eo
1309 1745 1487 1826 tempore,
1514 1753 1588 1824 quo
1616 1728 1730 1800 codex
1754 1752 1876 1802 noster
1901 1758 1942 1803 ea
1969 1751 2197 1831 compactura

142 1907 146 1914 -
179 1853 358 1926 involutus
383 1871 449 1937 est,
483 1873 557 1946 quo
581 1872 678 1917 nunc
702 1847 840 1944 gaudet
890 1853 978 1919 Nam
1001 1849 1050 1920 ita
1074 1869 1115 1920 ιιι
1138 1875 1235 1921 nunc
1260 1849 1416 1920 munitus
1441 1871 1508 1936 est,
1545 1850 1699 1922 maculas
1724 1878 1799 1925 non
1824 1853 2034 1935 admisisset,
2068 1853 2195 1948 quibus

179 1993 232 2044 est
252 1972 476 2044 deformatus.
527 1973 688 2060 Quarum
703 1967 850 2066 quidem
865 1969 982 2068 aliqua
997 1996 1078 2070 pars
1096 1999 1139 2044 ex
1155 1972 1282 2046 ultimo
1300 1971 1388 2044 solio
1402 1972 1510 2071 primi
1529 1973 1785 2071 quaternionis,
1812 1974 1850 2045 in
1866 1975 2016 2076 primam
2031 1975 2194 2078 paginam

180 2095 314 2168 codicis
338 2091 618 2166 Graeco-Latini
643 2091 859 2193 transflnxit.,'

1118 2258 1153 2358 §-
1195 2256 1251 2327 17.

275 2396 344 2469 Sed
371 2415 407 2466 et
426 2391 492 2464 alia
511 2391 566 2464 via
589 2409 697 2489 patet
746 2395 830 2462 Esse
854 2392 949 2463 enim
970 2412 1104 2491 potest,
1130 2412 1171 2464 ut
1190 2392 1329 2492 primus
1352 2396 1539 2490 quaternio
1559 2397 1629 2468 iam
1650 2396 1714 2468 diu
1735 2423 1817 2468 cum
1842 2418 1965 2471 nostro
1990 2402 2197 2499 copulatus,

180 2520 364 2594 involucro
385 2535 556 2617 pereunte
579 2512 786 2586 avelleretur
805 2535 840 2586 et
863 2514 1029 2586 semotim
1048 2515 1188 2589 iaceret
1240 2515 1349 2608 Quod
1371 2535 1412 2586 ut
1433 2518 1575 2590 credam
1593 2545 1637 2591 eo
1662 2519 1797 2590 facilius
1820 2544 2069 2608 commoveor,
2096 2523 2197 2620 quod

181 2643 285 2714 etiam
301 2637 429 2736 reliqui
452 2637 587 2710 codicis
604 2635 754 2710 diversas
770 2657 886 2736 partes
903 2637 965 2708 diu
980 2636 1055 2708 sine
1071 2620 1258 2709 involucro
1275 2636 1435 2710 disiectas
1451 2640 1554 2712 fuisse
1572 2640 1669 2712 haud
1684 2641 1820 2714 levibus
1833 2667 1876 2713 ex
1894 2640 2035 2714 indiciis
2053 2644 2195 2742 colligo.

179 2769 302 2858 Quum
322 2783 440 2832 autem
461 2759 532 2829 iam
550 2783 680 2828 novam
702 2779 836 2830 vestem
852 2778 972 2828 noster
988 2759 1176 2844 induisset,
1202 2779 1361 2856 repertus
1381 2781 1451 2847 est,
1478 2783 1514 2832 et
1533 2762 1625 2834 libro
1647 2761 1748 2832 cuius
1765 2786 1976 2862 praecursor
1989 2763 2052 2834 diu
2067 2766 2198 2851 fuerat,

179 2908 312 2983 iterum
337 2878 522 2980 praefixus.
573 2881 707 2949 Tamen
733 2898 768 2947 et
793 2876 866 2948 hoc
897 2877 973 2948 fieri
1002 2875 1125 2949 debuit
1158 2898 1237 2950 ante
1269 2877 1366 2950 illam
1394 2904 1673 2983 compactarum,
1711 2909 1782 2979 qua
1808 2885 1900 2955 liber
1934 2910 2031 2956 nunc
2060 2886 2197 2982 gaudet.

179 3016 274 3080 Haec
300 3004 395 3078 enim
421 3002 497 3072 sine
525 2998 635 3070 dubio
663 3023 737 3072 uno
768 3019 931 3098 tempore
959 2999 1118 3072 absoluta
1143 3020 1204 3073 est.
1256 3005 1422 3073 Ceterum
1448 3005 1610 3102 antiquae
1636 3025 1886 3104 compacturae
1913 3003 2057 3100 vestigia
2083 3004 2200 3077 adhuc

181 3127 458 3228 conspiciuntur.

1126 3285 1161 3384 §-
1204 3287 1261 3357 ιι.

280 3447 359 3516 Νοιι
376 3441 450 3514 sine
468 3464 571 3511 causa
587 3438 626 3509 in
645 3437 712 3508 hac
732 3438 953 3538 expositione
970 3460 1152 3512 accuratus
1173 3441 1233 3512 fui.
1283 3445 1325 3510 ln
1342 3439 1557 3537 exquirenda
1574 3441 1669 3511 enim
1688 3439 1767 3511 libri
1787 3459 1897 3514 aetate
1915 3442 2069 3512 multum
2085 3440 2203 3525 refert,

182 3585 303 3638 utrum
313 3563 356 3635 ad
370 3563 528 3664 primum
540 3559 812 3658 quaternionem
821 3562 995 3660 respicere
1011 3564 1114 3636 nobis
1131 3564 1252 3648 liceat,
1269 3587 1392 3633 necne.
1434 3564 1556 3656 Quum
1573 3582 1690 3634 autem
1707 3561 1780 3635 hoc
1795 3585 1932 3636 certum
1948 3590 2021 3636 esse
2037 3561 2205 3643 videatur,

180 3689 337 3788 primum
356 3684 626 3785 quaternionem
650 3708 727 3756 uon
750 3683 856 3756 simul
878 3711 961 3755 cum
984 3685 1110 3758 codice
1133 3705 1258 3758 nostro
1278 3705 1456 3756 exaratum
1483 3711 1575 3775 esse;
1602 3685 1815 3756 tutissimum
1836 3685 1924 3756 mihi
1948 3709 2020 3756 esse
2042 3682 2201 3766 videtur,

177 3810 210 3879 si
223 3810 269 3908 'in
296 3805 499 3880 definienda
524 3805 659 3879 codicis
684 3827 795 3879 aetate
820 3835 839 3879 a
864 3808 982 3906 primo
1016 3809 1247 3904 quaternione
1273 3807 1496 3907 respiciendo
1521 3808 1625 3907 plane
1651 3807 1892 3879 abstineamus.

1126 3970 1163 4058 §-
1202 3968 1262 4039 19.

281 4128 355 4191 lam
372 4139 490 4190 autem
509 4117 548 4188 in
566 4117 796 4193 descr'benda
816 4141 957 4194 externa
972 4120 1107 4196 codicis
1125 4121 1212 4194 facie
1236 4143 1399 4219 pergam,
1428 4140 1599 4219 quatenus
1615 4147 1656 4193 ea
1670 4119 1900 4194 similitudine
1916 4145 2024 4219 qnam
2038 4143 2210 4222 propono

180 4271 257 4318 non
281 4241 519 4341 cognoscitm.

281 4369 505 4448 Membranae
522 4364 658 4440 codicis
674 4384 755 4436 suut
773 4363 975 4450 crassiores,
1001 4363 1053 4436 ita
1066 4385 1108 4436 ut
1127 4365 1243 4448 facile,
1267 4365 1361 4438 libro
1378 4387 1520 4466 aperto,
1545 4364 1820 4452 convolvuntur,
1846 4385 1981 4438 atvero
1998 4359 2204 4457 neutiquam

182 4491 355 4590 aequales.
403 4489 516 4563 Multa
546 4488 630 4564 solia
651 4487 797 4589 pulvere
826 4508 863 4560 et
890 4486 968 4560 luto
994 4487 1249 4575 contaminata,
1285 4489 1396 4560 multa
1419 4488 1554 4586 fragosa
1575 4487 1772 4584 attritaque.
1824 4481 1988 4581 Inprimis
2016 4480 2205 4577 deprimis

183 4635 219 4686 et
240 4613 403 4686 extremis
426 4612 701 4710 quaternionum
723 4608 943 4707 singulorum
967 4611 1061 4684 soliis
1079 4611 1153 4685 hoc
1173 4611 1275 4684 valet.
1326 4610 1436 4704 Quod
1463 4609 1612 4684 omnino
1637 4609 1715 4681 fieri
1736 4629 1811 4680 nou
1832 4605 2025 4704 potuisset,
2048 4600 2117 4672 nisi
2141 4625 2207 4699 per

182 4735 327 4834 aliquod
353 4755 494 4834 tempus
522 4735 677 4834 singulae
700 4731 781 4806 libri
803 4749 920 4832 partes
946 4732 1108 4804 discissae
1137 4733 1334 4806 iactument.
1384 4732 1426 4804 ld
1448 4753 1574 4806 nostro
1600 4732 1693 4802 libro
1719 4753 1804 4800 cum
1829 4721 2007 4823 omnbus}
2022 4723 2061 4794 in
2088 4722 2208 4796 charta

182 4881 393 4959 pergamena
418 4857 558 4957 scriptis
579 4883 769 4931 commune
793 4874 861 4942 est,
887 4851 986 4951 quod
1014 4855 1100 4928 duas
1124 4855 1253 4928 nitidas
1274 4854 1418 4955 paginas
1444 4852 1534 4925 duae
1558 4850 1741 4950 rigidiores
1766 4866 1977 4948 sequuntur,
2004 4845 2139 4945 quippe
2167 4869 2208 4916 ea

182 5007 263 5080 pars
293 4979 416 5080 pellis,
449 5006 540 5078 quae
570 4980 668 5052 carni
694 4979 919 5064 adhaeserat,
957 4999 1140 5073 nunquam
1169 4998 1301 5050 tantam
1327 4975 1543 5050 nanciscitur
1569 4973 1809 5053 teneritatem,
1844 4987 2012 5068 quantam
2042 4964 2204 5040 exterior.

183 5103 271 5176 lnde
297 5104 429 5176 factum
456 5121 531 5189 est,
567 5123 609 5176 ιιι
634 5108 682 5178 ob
707 5103 878 5178 maiorem
899 5097 1076 5175 scribendi
1104 5096 1346 5174 difficultatem
1372 5099 1504 5172 librarii
1535 5099 1574 5170 in
1601 5095 1721 5195 rigidis
1748 5091 1823 5166 istis
1853 5088 1988 5192 paginis
2021 5085 2206 5189 panciores

305 5243 394 5305 Νι.
415 5243 474 5294 σοι
493 5243 601 5305 heau.
1675 5223 1695 5283 2
2071 5248 2075 5260 ·
