5240 6318
421 436 484 502 DE
507 433 647 500 NOTlS
669 431 993 501 MANUSCRIPTI
1014 432 1369 502 SANGALLENSIS
1390 430 1760 498 MARGINALIBUS.
1803 431 1910 500 CAP.
1933 436 1997 500 vt.
2085 429 2210 506 xxx!

251 633 255 640 ·
289 614 484 698 reddidisti.
532 613 580 688 Et
603 639 832 712 quascunque
859 634 949 690 artes
976 613 1124 690 Graecia
1145 640 1212 715 per
1233 613 1390 712 singulos
1414 613 1507 688 viros
1536 612 1666 700 edidit,
1691 632 1727 684 te
1745 639 1819 688 uno
1836 635 1980 693 auctore
2000 618 2117 718 patrio
2138 644 2210 692 ser·

292 759 399 809 mone
429 744 542 811 Roma
568 735 740 836 suscepit,
781 763 872 836 quos
900 756 994 810 tanta
1022 740 1212 822 verborum
1237 737 1432 814 luculentia
1458 735 1644 814 reddidisti
1668 736 1800 825 claros,
1843 758 1937 818 tauta
1962 740 2103 838 linguae
2122 767 2209 842 pro-

292 859 440 960 prietate
472 860 703 962 conspicuos,
737 881 778 932 ut
809 861 1008 961 potuissent
1041 881 1076 934 et
1108 859 1160 932 illi
1192 887 1286 961 opus
1320 881 1423 932 tuum
1450 860 1644 960 praeferre,
1688 858 1718 930 si
1747 879 1939 958 utrumque
1965 861 2211 936 didicissent.“

291 983 456 1084 Inprimis
482 984 576 1083 apud
604 983 849 1057 Benedictinos
875 985 1129 1057 celebrabatur.
1181 989 1340 1081 Namque
1367 981 1525 1079 quamvis
1548 982 1693 1057 Baetae
1716 981 1827 1054 tribus
1858 983 1957 1056 anuis
1981 986 2079 1085 prius
2104 1015 2211 1086 quam

291 1105 500 1178 Benedictus
515 1097 690 1177 'montem
714 1106 880 1178 Casinum
901 1099 1085 1194 inviseret,
1123 1125 1375 1192 mommsen,
1406 1126 1524 1178 tamen
1550 1106 1640 1178 sama
1659 1105 1863 1203 vulgabatur
1881 1107 1987 1182 huius
2012 1111 2212 1184 monasterii

292 1230 409 1302 fautor
428 1249 534 1326 atque
557 1228 707 1311 amicus,
734 1229 896 1327 adeoque
918 1227 1056 1303 nomini
1079 1230 1189 1330 ipsius
1208 1229 1333 1304 seriori
1355 1250 1518 1330 tempore
1538 1235 1671 1302 Romae
1695 1228 1947 1301 monasterium
1965 1230 2120 1304 dicatum
2147 1256 2211 1310 est.
2347 1257 2352 1264 ·

292 1352 343 1422 Cf.
366 1345 557 1424 Mabillcn.
580 1352 693 1426 annal.
719 1352 805 1424 Ord.
831 1357 864 1425 S.
891 1354 1019 1428 Bened.
1042 1357 1146 1427 Tom.
1172 1362 1197 1427 1.
1225 1354 1284 1426 fol.
1314 1351 1372 1428 59.
1399 1354 1459 1426 fol.
1487 1349 1571 1427 537.
1628 1351 1796 1424 Eiusdem
1820 1379 1930 1454 opera
1955 1351 2116 1456 inprimis
2140 1356 2213 1428 dia-

292 1474 417 1547 lectica
451 1495 486 1546 et
518 1474 651 1548 musica
675 1497 711 1548 et
731 1469 929 1578 Porphyrii
949 1477 1122 1576 quaedam
1143 1499 1184 1549 ut
1206 1503 1273 1580 per
1299 1497 1411 1550 totam
1440 1475 1593 1548 mediam
1631 1495 1779 1547 aetatem
1807 1475 2028 1549 literatorum
2055 1479 2214 1550 manibus

294 1599 513 1680 terebantur,
548 1596 652 1670 etiam
677 1599 716 1670 in
741 1627 784 1672 eo
806 1600 1019 1674 monasterio
1041 1601 1235 1676 innotuisse
1263 1601 1442 1683 videntur,
1476 1599 1514 1670 in
1535 1625 1609 1696 quo
1627 1619 1748 1671 noster
1764 1619 1800 1671 et
1818 1600 2071 1674 Boernerianus
2088 1602 2216 1672 enarati

294 1739 385 1792 sunt.
439 1720 538 1799 Vide
564 1727 727 1794 boemer.
752 1722 813 1794 sol.
841 1725 880 1810 2,
911 1725 970 1816 46.
1001 1723 1047 1795 67
1079 1749 1191 1796 verso.
1215 1723 1273 1797 89.
1298 1723 1357 1796 90.
1388 1767 1436 1782 -
1464 1721 1635 1794 Memoria
1659 1722 1765 1793 etiam
1793 1722 1866 1794 hoc
1894 1722 2041 1820 dignum
2064 1723 2214 1812 videtur,

296 1839 394 1940 quod
431 1869 496 1942 per
525 1844 729 1917 helfredum
761 1873 878 1944 regem
909 1845 1025 1924 Boe'tii
1055 1845 1099 1918 de
1137 1845 1379 1918 consolatione
1410 1843 1661 1945 philosophiae
1682 1843 1764 1916 libri
1790 1841 1812 1915 5
1835 1845 1872 1915 in
1900 1846 2215 1944 Anglosaxonicam

292 1962 490 2037 dialectum
500 1967 655 2041 translati
672 1989 771 2057 sunt,
803 1991 842 2041 ut
860 1971 1008 2042 omnino
1026 1970 1119 2070 apud
1132 1974 1286 2042 Saxones
1296 1968 1427 2066 Anglos
1437 1967 1578 2041 Boetius
1595 1967 1747 2038 multum
1764 1974 1973 2042 versabatur.
2007 1969 2057 2041 cf.
2071 1970 2215 2044 Mabill.

293 2085 360 2158 iter
387 2089 464 2161 Ital.
487 2116 565 2190 pag.
591 2092 673 2164 221.
723 2083 810 2164 Nam
835 2120 948 2192 quum
966 2093 1036 2165 sint
1061 2092 1188 2190 aliqui,
1222 2090 1284 2190 qui
1310 2089 1534 2164 Boerneriani
1558 2089 1707 2190 patriam
1728 2089 1938 2162 britanniam
1961 2117 2034 2162 esse
2054 2113 2214 2174 statuant,

292 2207 365 2282 hoc
390 2211 554 2301 efficitur,
601 2215 706 2287 etiam
730 2215 768 2288 iu
794 2217 967 2288 Britannia
989 2215 1103 2295 soreii
1122 2215 1282 2288 floruisse
1306 2215 1560 2286 auctoritatem.

390 2341 469 2408 Non
499 2337 588 2409 mihi
619 2340 804 2412 sumserim
835 2340 1002 2428 delinire,
1040 2339 1083 2412 ad
1107 2367 1215 2438 quem
1244 2337 1358 2414 Bob'tii
1382 2338 1504 2409 locum
1529 2333 1689 2407 librarius
1716 2359 1794 2434 pag.
1819 2336 1890 2426 140
1908 2335 2116 2434 respexerit3
2157 2335 2217 2405 sed

295 2457 368 2531 hoc
390 2485 465 2532 non
486 2487 633 2560 possum
652 2465 725 2535 nori
749 2489 913 2548 monere,
950 2453 1042 2535 inter
1069 2461 1177 2533 libros
1200 2463 1242 2534 ab
1269 2459 1491 2532 Hartmuodo
1517 2455 1887 2566 Sancti-Gallensibus
1910 2457 2069 2544 relictos,
2106 2457 2220 2534 Boe'tii

296 2579 405 2654 libros
432 2584 704 2687 philosophicae
725 2587 983 2676 consolationis]
998 2585 1114 2658 fuisse.
1148 2586 1199 2655 Cl'.
1225 2583 1391 2660 Goldasr.
1416 2609 1500 2655 rerr.
1528 2571 1709 2655 Alamann.
1736 2586 1772 2653 P.
1800 2588 1853 2668 11,
1889 2581 2003 2681 p.3t;
2044 2600 2079 2651 et
2101 2577 2218 2649 indice

296 2705 531 2780 bibliothecae
557 2713 590 2781 S.
615 2710 727 2798 Galli,
768 2733 868 2784 nono
890 2711 1032 2783 saeculo
1060 2710 1246 2796 conlecto,
1284 2727 1389 2793 teste,
1435 2705 1593 2778 eiusdem
1620 2703 1885 2776 arithmeticam.
1936 2703 1989 2779 cf.
2015 2700 2138 2775 Orellr'l
2163 2725 2218 2804 ep.

300 2827 344 2898 ad
368 2829 533 2924 Medvrg.
569 2857 646 2930 pag.
667 2837 776 2904 XVII.

780 2969 783 2976 '
1168 3021 1175 3037 .
1213 2965 1272 3036 77.

200 3059 426 3134 Martiancm
461 3065 541 3160 lege.
569 3090 647 3165 pag.
674 3065 757 3181 1135.
1142 2969 1166 3070 ς

201 3185 352 3298 Meiros
376 3220 455 3295 Pes·
485 3196 570 3289 294·
705 3223 710 3232 ·

207 3320 338 3432 Μαρῖἳ
371 3353 449 3428 pag.
477 3329 559 3404 270.
622 3367 626 3374 ·
822 3367 824 3372 ·
1323 3369 1325 3374 v

199 3457 298 3564 Μῖῥ.
330 3486 412 3561 paga
433 3455 500 3542 35,
532 3457 596 3542 59,
626 3457 690 3546 62,
725 3455 813 3544 158,
848 3455 938 3547 256,
981 3459 1050 3532 331
1086 3458 1131 3555 (l)
1161 3452 1241 3530 359.

199 3581 248 3672 aa
285 3616 364 3692 pag.
392 3594 458 3680 62,
501 3595 566 3686 64,
605 3586 674 3678 65,
703 3593 774 3678 ro,
809 3593 891 3682 347.

198 3708 308 3786 Felic
347 3713 503 3814 Capella.
534 3740 613 3814 pag.
646 3714 728 3787 222.

300 3837 429 3908 deinde
460 3838 498 3909 in
526 3836 761 3910 Boerneriano

199 3963 295 4064 Μῖρ,
324 3958 384 4032 fol.
408 3962 455 4030 30
483 3987 603 4046 verso,
652 3961 712 4032 sol.
736 3962 782 4030 32
800 3986 921 4044 verso,
965 3959 1026 4030 sol.
1054 3955 1121 4040 39,
1162 3955 1223 4025 sol.
1247 3957 1294 4044 43
1327 3977 1447 4035 verso,
1499 3950 1559 4022 lol.
1582 3959 1630 4044 44
1655 3977 1774 4037 verso,
1836 3951 1896 4023 fol.
1917 3947 1982 4040 45,
2022 3949 2096 4044 lol.
2117 3951 2166 4040 48
2188 3971 2222 4022 et

297 4081 345 4173 aa
373 4059 492 4164 urso,
525 4084 585 4153 rot.
609 4085 675 4174 aa,
711 4084 771 4156 aa.
799 4085 860 4170 tt,
891 4083 951 4155 rot
975 4080 1033 4153 89.
1062 4173 1064 4180 ,
2072 4105 2074 4110 ·

297 4205 386 4278 haec
411 4204 530 4278 omnia
553 4203 626 4276 sine
647 4203 758 4277 dubio
778 4204 821 4275 ad
845 4231 958 4276 unum
980 4201 1208 4300 scriptorem,
1255 4196 1297 4269 ad
1321 4195 1546 4270 Marcianum
1571 4193 1733 4268 Mineum
1753 4191 1906 4267 Felicem
1933 4191 2116 4292 Capellam
2136 4194 2223 4266 rele-

298 4329 408 4404 renda
424 4347 523 4415 sunt,
549 4328 649 4399 cuius
666 4354 732 4429 per
747 4327 863 4400 media
885 4347 1044 4428 tempora
1065 4324 1103 4395 in
1126 4321 1297 4395 omnium
1310 4320 1531 4394 eruditorum
1551 4317 1710 4391 manibus
1730 4315 1912 4416 Satyricon
1934 4315 2016 4401 firit,
2054 4316 2221 4396 oratione,

298 4480 341 4525 ex
363 4451 618 4526 consuetudine
641 4452 696 4525 sui
718 4453 887 4553 temporis
908 4450 963 4552 ²²⁶),
1000 4445 1157 4550 pedestri
1184 4465 1220 4517 et
1247 4443 1351 4542 ligata
1379 4443 1546 4528 mixtum,
1580 4463 1716 4543 septem
1740 4439 1837 4511 libris
1857 4435 1919 4537 *ἢ
1947 4435 2220 4533 grammaticam,

300 4575 471 4673 logicam,
514 4575 745 4663 rhetoricam,
784 4573 973 4660 mathesin,
1015 4569 1291 4654 arithmeticam,
1333 4566 1603 4651 astronomiam,
1640 4563 1809 4635 musicam
1840 4581 2039 4656 exponens3
2079 4556 2221 4655 dequo

297 4697 433 4771 iuvenis
463 4696 609 4774 Grotius
642 4700 681 4773 in
718 4697 885 4799 epistola,
936 4723 1043 4794 qtram
1081 4694 1125 4764 ad
1152 4692 1346 4764 Henricum
1379 4687 1595 4761 borbonium
1622 4685 1737 4767 dedit,
1779 4682 1869 4760 eius,
1907 4677 1974 4762 ait,
2012 4677 2057 4748 de
2085 4697 2222 4778 septem

292 4921 322 5051 v*l
364 4973 467 5040 Simili
487 4975 585 5040 morlo
606 4971 700 5038 etiam
721 4972 856 5034 Boetln'er
876 4969 980 5045 (banc
1000 4964 1083 5030 euim
1104 4962 1267 5028 scribendi
1288 4959 1445 5026 rationem
1473 4956 1568 5022 alteri
1593 4953 1763 5038 praefero,
1798 4972 1893 5035 quam
1914 4952 2012 5013 modo
2033 4949 2077 5053 ob
2099 4941 2221 5051 codicis

361 5067 466 5134 nostri
487 5068 666 5150 exernplurn
686 5078 818 5130 secutus
838 5064 906 5140 lui)
927 5081 1059 5144 protem
1083 5079 1258 5140 versasque
1280 5055 1312 5122 iu
1332 5056 1420 5119 libro
1448 5054 1487 5116 de
1508 5049 1734 5116 conrolatione
1754 5042 1980 5129 philosophiae
2001 5051 2140 5106 rrrrscurt.

269 5163 316 5238 **)
357 5165 469 5246 Septem
495 5161 583 5227 dico.
626 5163 769 5226 Emeuda
790 5160 946 5220 emam
964 5154 997 5220 iu
1019 5155 1122 5228 libro:
1151 5149 1345 5216 Gescbichte
1367 5151 1425 5212 der
1444 5153 1528 5212 rdrn.
1551 5143 1617 5210 Lit.
1640 5143 1731 5208 1828.
1752 5161 1829 5223 pag.
1850 5137 1923 5202 539.
2062 5161 2066 5170 ·
