5240 6318
438 421 526 490 xv!
1266 423 1632 490 Pttonttcoratttttt

441 604 564 678 formis
585 603 643 674 vix
664 629 684 676 a
706 628 744 676 se
761 602 913 677 invicem
931 601 1197 700 distinguantur.
1246 604 1369 696 Quum
1391 631 1503 705 porro
1521 603 1769 678 diffitillimum
1789 624 1896 692 esset,
1922 625 1958 677 et
1979 605 2222 706 longissimum
2247 632 2356 708 opus,
2382 628 2456 682 tota

441 733 482 799 tt.
511 731 552 800 T.
579 726 686 803 biblia
711 725 971 812 transscribere,
1006 725 1127 825 plures
1151 723 1310 798 laborem
1336 725 1384 798 ita
1409 727 1670 827 partiebantur,
1706 748 1747 801 ut
1780 727 1839 800 alii
1866 727 1948 801 alias
1976 727 2058 802 libri
2090 728 2314 804 describendi
2338 749 2455 830 partes

442 848 645 923 deliberent.
696 847 804 943 Quod
830 847 936 920 etiam
960 848 999 922 iu
1023 867 1146 922 nostro
1171 846 1263 920 libro
1288 849 1420 921 factum
1446 875 1520 922 esse
1546 869 1673 923 statuo.

1384 1010 1419 1110 §-
1457 1011 1515 1083 ιι.

540 1149 608 1223 sed
632 1171 668 1224 et
687 1151 774 1223 aliae
795 1151 947 1224 rationes
966 1149 1061 1223 haud
1079 1148 1218 1222 desunt.
1267 1152 1492 1246 Quamquam
1512 1149 1607 1220 enim
1627 1147 1807 1220 literarum
1830 1149 2011 1220 character
2032 1150 2229 1224 simillimus
2244 1174 2312 1242 est,
2338 1174 2456 1228 tamen

443 1270 640 1344 accuratius
651 1272 805 1346 intuenti
816 1271 1005 1345 discrimen
1014 1271 1109 1344 haud
1124 1272 1289 1368 exiguum
1301 1270 1519 1343 intercedere
1536 1269 1722 1342 videbitur.
1760 1269 1936 1368 Margines
1950 1274 2165 1368 angustiores
2180 1301 2254 1348 esse
2268 1277 2456 1375 incipiunt,

442 1419 562 1467 versus
581 1395 783 1494 pauciuimi
805 1397 843 1466 in
864 1394 1007 1492 singulis
1025 1393 1161 1494 paginis
1181 1392 1369 1492 perscripti
1390 1412 1489 1473 sunt,
1513 1392 1623 1492 spatia
1650 1392 1862 1491 amplissima
1882 1393 1976 1466 inter
1997 1393 2105 1465 lineas
2123 1394 2455 1494 deprehenduntur,

442 1515 563 1586 literas
586 1515 741 1612 singulae
764 1515 890 1587 maiori
912 1517 1091 1614 diligentia
1116 1536 1291 1602 exaratae,
1326 1513 1424 1612 quod
1451 1513 1554 1586 initio
1581 1513 1699 1613 operis
1722 1513 1800 1586 fieri
1821 1513 1923 1587 solet.
1971 1517 2018 1586 At
2039 1541 2123 1589 vero
2149 1517 2254 1588 etiam
2275 1519 2314 1589 in
2340 1520 2458 1618 singu-

443 1637 557 1708 larum
578 1636 758 1709 literarum
776 1637 898 1710 sormis
918 1637 1090 1735 quaedam
1111 1637 1297 1710 variantur.
1347 1637 1538 1736 Praecipue
1563 1636 1683 1708 literae
1706 1634 1832 1735 Alpltn
1855 1637 1969 1709 forma
1986 1636 2128 1708 initialis
2149 1638 2369 1738 respicienda
2393 1662 2456 1713 est.

443 1761 563 1854 Usque
593 1758 688 1830 enim
710 1759 754 1830 ad
782 1757 875 1829 hanc
901 1759 1065 1858 paginam
1091 1759 1192 1831 lineis
1214 1759 1318 1831 rectis
1341 1759 1381 1830 in
1407 1759 1576 1855 angulum
1602 1758 1813 1832 coeuntibus
1833 1759 2070 1859 perscriptum
2099 1762 2334 1860 comparebat.
2383 1767 2457 1835 Iam

442 1904 521 1978 pag.
544 1875 604 1951 95.
629 1881 765 1954 curvari
784 1881 896 1953 lineae
915 1881 1102 1980 incipiunt.
1150 1880 1317 1953 Similiter
1336 1891 1369 1952 et
1391 1880 1517 1967 variat,
1542 1881 1591 1950 ita
1611 1900 1729 1952 tamen
1749 1900 1792 1953 ut
1814 1881 1969 1981 scriptor
1987 1881 2053 1954 sibi
2077 1907 2151 1955 non
2178 1881 2283 1981 plane
2307 1901 2455 1957 constet.

450 1997 490 2070 T
509 1997 641 2072 initiale
667 2000 810 2098 rigidius
835 2001 952 2076 adhuc
977 2003 1128 2103 pictum;
1153 2003 1275 2076 literae
1300 2029 1423 2077 omnes
1448 2001 1598 2075 initiales
1622 2002 1782 2077 maiores.

1377 2170 1413 2259 s.
1454 2166 1512 2238 aa

537 2303 651 2376 Etiam
676 2325 840 2378 notarum
863 2304 1107 2402 marginalium
1133 2305 1222 2377 ratio
1249 2303 1411 2375 habenda
1435 2324 1496 2375 est.
1548 2305 1665 2375 Litera
1689 2308 1726 2375 C.
1757 2330 1869 2401 quum
1896 2305 1934 2375 in
1960 2305 2096 2403 paginis
2123 2308 2300 2404 sexaginta
2326 2336 2457 2386 novem

443 2441 568 2512 exstet,
597 2423 636 2493 in
650 2426 788 2522 paginis
804 2427 993 2523 nonaginta
1011 2446 1164 2524 quatuor
1182 2425 1360 2524 prioribus
1376 2425 1546 2496 Matthaei
1568 2426 1756 2523 quinquies
1780 2426 1969 2526 reperitur,
1993 2426 2032 2497 in
2051 2428 2190 2525 reliquo
2209 2431 2388 2506 Matthaeo
2409 2461 2455 2507 ne

440 2544 625 2641 vestigium
646 2547 800 2645 quidem.
851 2547 967 2620 Litera
983 2553 1018 2616 Γ
1029 2547 1225 2645 marginalis
1241 2547 1278 2617 in
1298 2547 1347 2637 94
1369 2546 1547 2645 prioribus
1563 2547 1731 2619 Matthaei
1754 2547 1891 2648 paginis
1908 2575 1954 2620 ne
1970 2548 2079 2620 semel
2102 2549 2249 2646 quidem
2270 2550 2454 2651 detegitur.

442 2668 538 2736 llaec
561 2667 680 2739 omnia
698 2695 780 2740 casu
795 2695 871 2742 non
889 2692 1039 2769 possunt
1056 2669 1234 2741 accidis'se.
1286 2672 1404 2761 Quare
1427 2668 1633 2767 paginarum
1655 2671 1844 2768 nonaginta
1866 2690 2020 2768 quatuor
2035 2672 2197 2771 priorum
2216 2675 2328 2746 scriba
2346 2678 2390 2747 ab
2410 2704 2454 2751 eo

442 2785 709 2884 distinguendus
737 2811 806 2877 est,
840 2791 903 2889 qui
932 2793 1095 2891 paginam
1126 2791 1389 2887 nonagesimam
1424 2791 1583 2887 quintam
1612 2817 1756 2864 exorsus
1788 2813 1849 2864 est.
1900 2797 1985 2864 Esse
2014 2812 2150 2890 potest,
2185 2812 2227 2864 ut
2255 2795 2361 2867 etiam
2392 2798 2455 2870 has

441 2909 584 3006 paginas
606 2909 680 2984 dno
701 2912 833 2984 librarii
850 2913 899 2985 ita
920 2911 1013 2984 iuter
1036 2937 1073 2984 se
1094 2911 1290 2991 diviserint,
1314 2931 1356 2981 ut
1376 2936 1454 3010 pag.
1483 2914 1540 3000 41.
1564 2911 1651 2981 alter
1678 2915 1827 2983 alterum
1850 2915 2038 3010 exceperit.
2088 2913 2155 2986 Sed
2175 2914 2281 2987 huius
2304 2919 2355 2990 rei
2379 2947 2456 2995 non

442 3048 514 3100 tam
532 3051 626 3103 certa
639 3031 768 3106 indicia
791 3035 881 3106 mihi
903 3036 948 3107 ad
971 3060 1096 3110 manus
1111 3053 1209 3116 sunt,
1235 3053 1276 3102 ut
1295 3057 1487 3104 asseverare
1512 3032 1670 3104 audeam.
1722 3037 1800 3104 Hoc
1820 3057 1932 3102 unum
1953 3031 2098 3117 addam,
2122 3036 2260 3109 colores
2280 3038 2390 3111 literis
2410 3043 2455 3112 ad

440 3153 610 3252 pingendi
635 3159 808 3232 tationem
835 3162 878 3229 ab
905 3158 973 3229 hac
1000 3156 1083 3228 inde
1114 3156 1242 3255 pagina
1273 3155 1419 3240 variari,
1459 3154 1576 3224 literas
1609 3153 1770 3226 rudiores
1802 3153 1949 3226 eradere
1981 3179 2047 3252 per
2073 3179 2260 3252 sequentes
2293 3160 2455 3257 paginas,

440 3275 627 3347 nonnullas
652 3278 696 3348 ad
717 3280 880 3351 dextrum
904 3279 994 3352 latus
1020 3278 1127 3376 magis
1152 3277 1339 3360 inclinare,
1377 3277 1481 3347 etiam
1505 3276 1635 3348 minori
1661 3303 1745 3346 cura
1766 3279 1870 3349 verba
1897 3295 2011 3348 textus
2035 3279 2112 3378 ipsa
2139 3279 2269 3379 scripta
2294 3307 2386 3368 esse,
2420 3305 2455 3354 et

441 3395 576 3470 literam
601 3405 639 3472 C.
664 3401 703 3471 in
729 3421 805 3474 toto
831 3400 1010 3474 Matthaeo
1035 3401 1074 3470 in
1098 3399 1181 3471 solis
1205 3399 1341 3498 paginis
1365 3400 1425 3488 41.
1452 3399 1510 3487 46.
1537 3400 1597 3486 47.
1625 3399 1683 3468 78.
1710 3398 1769 3471 92.
1797 3397 1953 3497 reperiri.

1380 3562 1416 3650 5.
1454 3561 1511 3632 at.

539 3700 658 3772 Tertia
681 3701 762 3772 libri
785 3727 866 3802 pars
894 3700 1036 3798 paginas
1063 3698 1112 3772 95
1138 3721 1251 3794 nsque
1281 3694 1325 3768 ad
1355 3697 1428 3769 129
1452 3695 1711 3795 complectitur.
1762 3695 1906 3770 Nullum
1936 3699 2083 3772 omnino
2113 3698 2285 3774 indicium
2315 3705 2451 3803 reperi,

440 3822 495 3896 vel
519 3849 626 3896 unam
654 3844 766 3898 textus
794 3823 930 3897 literam
952 3821 1009 3894 his
1033 3819 1167 3920 paginis
1192 3822 1235 3890 ab
1260 3819 1325 3890 alia
1350 3845 1457 3892 manu
1482 3819 1637 3892 additam
1661 3845 1746 3891 esse.

1376 3987 1412 4087 ς.
1450 3984 1508 4055 rs.

454 4155 461 4168 ·
536 4131 671 4220 Quarta
696 4151 778 4226 pars
799 4149 916 4223 apag.
942 4124 1023 4193 131.
1047 4122 1188 4194 initium
1212 4122 1330 4198 sumit.
1382 4126 1477 4192 Haec
1501 4120 1664 4191 facillime
1688 4147 1709 4190 a
1730 4119 2022 4222 praecedentibus
2046 4122 2210 4195 omnibus
2232 4121 2451 4194 discernitur.

437 4249 561 4324 Statim
587 4248 710 4320 Latina
736 4245 975 4344 quaternionis
1000 4265 1087 4317 nota
1113 4243 1301 4316 numeralis
1332 4244 1448 4314 variat.
1506 4242 1635 4315 Adhuc
1664 4243 1760 4315 enim
1793 4245 1943 4342 queisque
1971 4249 2000 4312 V
2023 4270 2098 4316 non
2125 4250 2158 4315 U
2185 4243 2452 4341 significabatur.

437 4370 546 4466 Quod
573 4391 690 4442 tamen
713 4365 889 4440 scribendi
916 4391 1035 4439 errore
1057 4387 1176 4467 potest
1200 4366 1375 4466 explicari.
1426 4366 1563 4438 Deinde
1592 4366 1707 4466 prima
1730 4365 1837 4436 huius
1862 4367 2102 4464 quaternionis
2125 4366 2252 4468 pagina
2271 4363 2453 4437 sordidam

437 4491 564 4567 faciem
579 4491 751 4574 ostendit,
777 4511 817 4563 ut
835 4491 907 4561 lere
927 4489 1080 4561 exterior
1097 4489 1179 4560 libri
1194 4486 1393 4586 singilatis,
1419 4516 1509 4588 quae
1529 4489 1636 4561 facile
1647 4488 1807 4560 atteritur
1826 4511 1862 4561 et
1878 4490 2024 4590 pulvere
2045 4488 2321 4572 contaminatur,
2347 4487 2452 4560 fuisse

436 4616 605 4690 rideatur.
656 4617 751 4686 Tum
772 4633 887 4685 autem
908 4611 1046 4684 colores
1067 4612 1252 4685 variantur.
1303 4611 1413 4687 Flavo
1431 4613 1548 4686 adhuc
1564 4613 1602 4684 in
1622 4611 1790 4685 Matthaei
1807 4612 1914 4684 altera
1928 4631 2029 4711 parte
2050 4611 2211 4684 librarius
2230 4609 2347 4682 nitido
2368 4635 2452 4681 usus

435 4739 548 4812 uene
568 4757 605 4809 et
625 4735 746 4810 vivido
762 4733 1042 4833 quodammodo.
1093 4739 1136 4806 ln
1154 4735 1228 4806 eius
1241 4735 1364 4809 locum
1384 4736 1520 4809 luridus
1540 4736 1643 4811 color
1665 4735 1842 4823 succedit,
1869 4733 1931 4832 qui
1954 4734 2063 4808 flavus
2081 4732 2195 4806 videri
2215 4732 2307 4816 vult,
2333 4753 2369 4804 et
2388 4755 2452 4831 per

435 4879 554 4934 totum
573 4863 734 4930 Marcum
749 4856 797 4928 ita
815 4858 1001 4945 retinetur,
1027 4879 1068 4930 ut
1083 4857 1121 4930 in
1135 4859 1211 4960 ipsa
1229 4861 1486 4960 subscriptione
1506 4887 1584 4962 pag.
1605 4860 1686 4934 191.
1707 4861 1782 4932 eius
1799 4858 1943 4956 vestigia
1960 4879 2113 4945 exstent,
2138 4857 2223 4930 licet
2238 4857 2301 4956 qni
2318 4861 2452 4928 Lucam

434 4982 583 5070 affinxit,
616 4981 719 5079 quasi
742 4979 896 5067 μεσίτην,
930 5009 1034 5056 suum
1064 4983 1223 5056 colorem
1253 4983 1408 5056 nitidum
1431 4985 1575 5084 singulis
1600 4981 1867 5082 subscriptionis
1895 4981 2006 5054 literis
2037 4981 2198 5055 illererit.
2249 4985 2360 5053 Porro
2386 5003 2452 5078 per

434 5124 551 5198 totum
577 5111 737 5180 Marcum
761 5106 900 5180 dnobus
922 5125 1059 5180 tanturn
1088 5107 1267 5182 coloribus
1290 5107 1412 5182 literae
1437 5107 1587 5182 initiales
1614 5127 1697 5180 sunt
1721 5103 1935 5204 variegatae,
1968 5105 2062 5182 flavo
2084 5125 2120 5179 et
2146 5101 2356 5178 rubicundo.
2409 5107 2451 5172 ln
