5240 6318
1240 403 1608 470 Pttotttaottttttta

1370 587 1405 688 ς.
1445 587 1480 659 s.

511 715 574 784 Est
598 727 717 782 autem
739 706 828 782 haec
852 725 972 778 nostra
997 703 1107 777 editio
1134 721 1206 777 tam
1229 731 1341 806 parvo
1364 708 1482 808 pretio
1506 688 1689 810 parabilis,
1726 719 1765 782 ul
1789 710 1918 782 rru'non
1942 734 2015 782 non
2040 721 2233 808 prostaret,
2264 713 2300 783 si
2321 721 2435 784 totum

415 863 505 936 opus
536 835 633 938 lypis
660 833 873 929 exscriptus
906 840 1002 901 ‘esset
1052 828 1193 921 Quodsi
1225 830 1478 932 reputaveris,
1494 851 1625 932 quanta
1657 831 1809 932 pecunia
1830 831 1981 912 ‚collatio
2013 832 2163 932 simplex
2196 831 2432 922 constitisset,

415 956 626 1058 quotiesque
647 951 840 1054 repetenda
853 951 992 1038 meet,
1016 977 1129 1050 usque
1153 953 1240 1025 dmn
1258 954 1414 1055 perfecta
1429 954 1531 1027 fieret
1547 954 1604 1029 vel
1624 955 1729 1054 plane
1748 953 1902 1042 inutilis,
1928 953 2060 1053 quodsi
2076 955 2283 1054 cogitaveris
2301 955 2433 1030 libmm

413 1101 575 1154 nosmmn
598 1077 743 1150 anullo
768 1073 886 1146 adhoc
916 1075 956 1146 in
987 1101 1092 1148 usum
1119 1097 1285 1150 vocatum
1319 1101 1414 1164 esse,
1446 1077 1546 1152 facile
1576 1075 1770 1164 concedes,
1805 1075 1981 1178 aptiorem
2004 1075 2136 1150 edendi
2160 1075 2311 1150 modum
2334 1077 2433 1150 hand

413 1201 571 1304 potuisse
596 1199 797 1299 excogitari.
848 1204 971 1296 Neque
997 1198 1145 1274 omnino
1163 1202 1308 1288 ve'reor,
1333 1225 1379 1274 ne
1397 1199 1487 1276 mihi
1505 1201 1547 1274 ab
1572 1199 1693 1300 aliquo
1708 1223 1829 1274 rernm
1850 1199 2052 1275 criticamm
2076 1199 2224 1274 amatori
2238 1200 2303 1274 ista
2320 1199 2432 1274 editio

413 1325 611 1428 opprobrio
635 1351 794 1425 unquam
818 1341 981 1396 vertatur.
2197 1331 2201 1340 '

775 1565 786 1600 ,
1365 1493 1400 1593 s·
1435 1489 1473 1564 ⁹·

506 1649 601 1717 llaec
629 1643 674 1716 de
703 1641 852 1716 consilio
883 1640 981 1739 quod
1013 1660 1155 1714 secutos
1180 1667 1260 1714 sum
1288 1641 1327 1713 in
1356 1643 1560 1724 universum
1593 1642 1687 1716 dicta
1716 1644 1798 1716 sint.
1847 1646 1895 1715 At
1923 1667 2009 1718 vero
2039 1642 2145 1715 etiam
2170 1640 2238 1715 afia
2266 1642 2432 1741 singulari

413 1771 547 1844 ratione
570 1767 698 1839 ductus
721 1792 817 1847 sum,
842 1789 954 1860 quum
975 1762 1078 1834 hunc
1096 1764 1254 1838 laborem
1277 1764 1365 1836 mihi
1388 1792 1574 1839 sumerem.
1623 1765 1917 1840 Animadvertisse
1941 1765 2037 1837 enim
2060 1763 2150 1846 mihi
2171 1761 2311 1847 videor,
2339 1764 2432 1836 inter

411 1912 551 1966 nostrae
582 1889 701 1963 aetatis
730 1884 917 1984 theologos
949 1913 1023 1958 esse
1053 1887 1212 1960 criticam
1241 1915 1375 1961 sacram
1406 1915 1484 1962 eam
1513 1888 1757 1989 disciplinam,
1795 1888 1833 1959 in
1861 1913 1932 1986 qua
1967 1886 2116 1959 minimo
2152 1912 2235 1959 cum
2266 1912 2431 1959 successu

411 2015 619 2088 elaboretur.
670 2009 819 2082 Praeivit
846 2008 992 2107 quidem
1017 2005 1278 2084 Lachmannus
1302 2011 1413 2100 viam,
1449 2041 1535 2111 qua,
1571 2011 1755 2085 emendata
1781 2031 1917 2096 tamen,
1953 2007 1983 2080 si
2008 2009 2067 2080 alii
2091 2008 2250 2081 insistere
2278 2007 2429 2096 vellent,

410 2133 455 2210 ad
485 2135 594 2206 finem
617 2132 771 2230 aliquem
794 2131 956 2204 laborum
977 2132 1161 2232 pervenire
1187 2159 1292 2233 posse
1319 2134 1529 2208 videremur.
1579 2141 1628 2207 At
1652 2161 1737 2208 vero
1762 2133 1852 2204 haec
1875 2133 1930 2204 via
1958 2130 2106 2204 molesta
2138 2152 2201 2204 est.
2250 2137 2356 2219 Nam,
2391 2153 2432 2204 ut

410 2280 545 2331 taceam
562 2257 700 2330 labores
719 2255 782 2353 qui
796 2254 971 2328 subeundi
986 2274 1068 2326 sunt
1086 2253 1124 2324 in
1142 2255 1380 2328 examinandis
1402 2258 1632 2344 lectionibus,
1658 2257 1837 2358 plerisque
1854 2252 2030 2352 theologis
2046 2279 2091 2324 ne
2110 2254 2262 2354 pecunia
2284 2253 2430 2352 quidem

408 2382 503 2455 lanta
528 2399 597 2464 est,
623 2399 664 2450 ut
690 2376 816 2449 auxilia
840 2375 960 2448 critica
987 2377 1053 2449 sibi
1080 2403 1285 2479 comparare
1310 2379 1458 2480 possint.
1508 2380 1595 2451 Inde
1619 2382 1750 2452 factum
1775 2397 1845 2464 est,
1873 2396 1915 2448 ιιι
1934 2376 2040 2474 longe
2065 2375 2211 2477 plurimi
2237 2356 2429 2449 etiamnum

409 2506 446 2576 in
465 2503 520 2577 via
538 2502 620 2575 trita
641 2520 787 2602 pergant
794 2532 806 2593 ;
831 2499 914 2571 inde
937 2498 1083 2582 accidit,
1108 2520 1148 2571 ut
1169 2500 1329 2598 quotidie
1347 2485 1386 2572 in
1405 2501 1690 2603 ephemeridibus
1713 2499 1842 2572 criticis
1864 2498 2056 2572 rationibus
2073 2523 2230 2597 pugnare
2248 2496 2428 2571 videamus

409 2625 553 2707 doctos,
578 2649 668 2722 quae
688 2622 782 2722 apud
799 2621 1003 2724 philologos
1024 2619 1087 2692 din
1105 2642 1189 2693 sunt
1210 2623 1385 2723 explosae.
1436 2629 1594 2722 Namque
1612 2623 1718 2724 longe
1739 2621 1885 2725 plurimi
1906 2647 1951 2693 ne
1969 2646 2081 2693 unum
2100 2619 2247 2720 quidem
2264 2621 2428 2693 codicem

408 2773 516 2820 manu
547 2765 724 2818 exaratum
753 2744 912 2815 manibus
936 2763 1218 2830 contrectamnt,
1254 2744 1366 2816 oculis
1392 2745 1638 2848 inspexerunt,
1673 2747 1787 2818 multo
1812 2765 1930 2820 autem
1954 2742 2071 2815 minus
2095 2741 2162 2814 arti
2190 2742 2330 2815 criticae
2355 2762 2427 2815 stu-

412 2869 577 2942 duerunt.
625 2868 744 2962 Quare
769 2861 970 2937 notissimae
997 2889 1052 2936 res
1078 2864 1231 2937 ridiculo
1255 2867 1367 2940 modo
1392 2887 1652 2966 pervertuntur.

1321 3047 1357 3148 ς.
1398 3047 1456 3119 10.

506 3195 598 3259 Bene
623 3183 797 3268 intellexi,
832 3184 874 3252 ab
903 3180 971 3251 hac
996 3181 1248 3278 theologorum
1280 3201 1391 3254 aetate
1424 3181 1516 3254 nihil
1548 3181 1763 3283 sperandum
1796 3207 1880 3254 esse.
1933 3180 2130 3275 Quomodo
2155 3182 2267 3267 enim,
2301 3187 2426 3286 quiin

408 3309 549 3383 salebris
581 3307 687 3379 huius
712 3302 945 3403 generationis
970 3301 1100 3374 criticis
1126 3302 1301 3391 incanuit,
1337 3303 1381 3376 ad
1414 3305 1687 3378 adolescentiam
1718 3323 1912 3377 revertatur
1940 3325 1977 3376 et
2004 3305 2202 3380 multorom
2232 3309 2426 3385 lustrorum

406 3459 552 3533 magnos
577 3455 713 3504 errores
738 3426 918 3499 dediscat?
942 3423 996 3496 Ad
1024 3431 1095 3498 Vos
1119 3425 1225 3524 igitur
1248 3452 1306 3498 me
1332 3448 1519 3514 converto,
1545 3427 1667 3500 dulces
1687 3427 1851 3516 iuvenes,
1877 3427 1940 3526 qui
1956 3425 2121 3538 nondum
2143 3432 2260 3531 pravis
2285 3433 2427 3532 opinio-

405 3559 508 3630 nibus
542 3555 625 3626 estis
655 3550 800 3641 imbuti3
837 3549 1006 3635 aVohis,
1042 3567 1231 3649 exspecto,
1266 3567 1308 3622 ut
1339 3550 1530 3648 aliquando
1564 3550 1616 3622 rei
1647 3551 1788 3624 criticae
1820 3569 2055 3622 succan-atur.
2105 3553 2223 3643 Quare
2248 3557 2356 3629 Vobis
2388 3559 2426 3630 in

405 3703 529 3752 manus
553 3674 656 3748 trado
680 3674 830 3758 librum,
853 3697 965 3772 parvo
984 3671 1161 3757 venalem,
1188 3671 1290 3744 euius
1305 3672 1495 3773 multiplici
1513 3699 1581 3744 usu
1600 3671 1868 3746 familiaritatem
1893 3669 2071 3772 quandam
2095 3700 2179 3749 cum
2204 3701 2242 3749 re
2266 3699 2426 3756 veterum

405 3800 546 3874 tibraria
575 3797 785 3872 contrahere
816 3795 968 3897 possitis.
1020 3797 1137 3892 Atque
1170 3819 1277 3895 spero
1307 3794 1475 3893 quidem,
1506 3795 1680 3893 ingenuos
1711 3795 1817 3869 huius
1842 3801 1918 3873 aevi
1943 3803 2101 3876 eruditos
2124 3800 2197 3876 hoc
2223 3804 2426 3906 exemplum

406 3949 480 3997 esse
505 3941 707 4006 secuturos,
731 3919 780 3990 ita
801 3919 949 4016 quidem
973 3937 1015 3989 ut
1038 3937 1122 4017 post
1144 3943 1279 4017 pancos
1304 3944 1415 3994 annos
1438 3917 1774 4019 pretiosissimorum
1806 3921 2021 4020 antiquitatis
2049 3925 2217 4000 codicum
2240 3927 2279 4000 in
2303 3928 2425 4002 vestris

403 4045 584 4132 manibus,
610 4042 746 4116 vividae
772 4041 874 4138 quasi
897 4039 1064 4137 imagines
1088 4059 1281 4112 versentur.

1345 4220 1379 4320 ς.
1421 4222 1479 4292 ιι.

502 4355 644 4452 Quodsi
667 4354 755 4426 mihi
780 4355 969 4454 contigerit
993 4382 1066 4429 esse
1092 4377 1164 4429 tarn
1189 4357 1301 4440 felici,
1326 4377 1368 4429 ut
1391 4355 1498 4430 huius
1514 4358 1590 4431 voti
1608 4384 1758 4459 compos
1778 4361 1881 4450 fiam,
1904 4363 1975 4438 iam
1991 4364 2095 4438 etiam
2111 4373 2152 4440 tt
2168 4369 2210 4442 Τ.
2228 4368 2423 4446 editionem

403 4500 534 4582 potero
558 4505 715 4580 sperare,
739 4479 777 4551 in
802 4507 873 4578 qua
897 4506 934 4552 re
955 4507 1036 4553 vera
1055 4479 1143 4552 fides
1162 4479 1359 4555 Christiana
1377 4501 1498 4581 potest
1514 4482 1664 4554 fundari.
1717 4483 1774 4556 Sic
1793 4487 1888 4558 enim
1907 4488 2155 4563 tantummodo
2176 4491 2253 4563 fieri
2270 4492 2422 4594 poterit,

402 4622 444 4674 ut
468 4601 571 4673 multi
595 4600 778 4674 veritatem
802 4623 989 4704 apparatus
1014 4603 1127 4676 critici
1150 4604 1290 4705 possint
1315 4605 1512 4678 examinare
1519 4637 1530 4696 ι
1556 4603 1607 4676 sic
1632 4605 1709 4680 fieri
1733 4609 1882 4708 poterit,
1908 4631 1950 4682 ut
1973 4611 2206 4713 lexigraphia‚
2231 4635 2273 4688 ut
2296 4619 2422 4688 Gram-

402 4724 529 4800 matica
553 4725 644 4800 Novi
667 4727 882 4799 Testamenti
906 4726 1175 4799 fundamentum
1199 4725 1438 4816 nanciscatur,
1473 4754 1545 4827 quo
1570 4728 1765 4830 superstrui
1795 4730 1927 4832 possit3
1961 4732 2013 4805 sic
2037 4733 2099 4806 fiet
2123 4735 2268 4808 tandem
2292 4735 2420 4824 etiarn,

402 4867 444 4920 nt
468 4845 583 4922 aditus
609 4847 652 4919 ad
678 4849 781 4920 L'tx
805 4849 1003 4922 versionem
1028 4869 1187 4950 paretur,
1213 4849 1313 4924 cuius
1339 4869 1524 4925 contextus
1550 4877 1710 4926 errorum
1735 4871 1772 4924 et
1796 4853 1965 4928 vitiorum
1988 4855 2075 4929 silva
2098 4855 2232 4934 horret.
2281 4835 2421 4954 Quodsi

402 4991 521 5046 atttem
544 4970 803 5074 reputaveritis,
829 4998 899 5069 qua
925 4971 1060 5046 ratione
1085 4971 1174 5048 fides
1198 4973 1470 5050 Protestantium
1496 4995 1532 5050 et
1554 4973 1656 5050 litera
1677 4973 1869 5060 bibliorum
1886 4977 2151 5056 contineantur:
2177 4981 2249 5060 iam
2272 4979 2420 5081 dignum

401 5091 501 5168 vobis
527 5119 617 5196 opus
642 5092 838 5182 videbitur,
862 5094 900 5168 in
925 5119 999 5194 quo
1025 5094 1222 5171 elaboretis.
1562 5099 1565 5106 ’
