5240 6318
1079 1325 1176 1402 CA
1201 1325 1248 1403 P.
1298 1327 1332 1404 Ι.

738 1524 1169 1608 ΕΒΙΤΙθΝΙΒ
1207 1523 1669 1610 consulum·

1056 1769 1331 1787 m

1155 1977 1188 2078 ς.
1231 1980 1263 2050 1.

291 2101 412 2192 Quum
437 2117 516 2171 ante
543 2098 610 2170 hos
638 2118 706 2170 tres
732 2122 843 2172 anuos
867 2098 1007 2186 Turici,
1034 2099 1147 2200 patria
1171 2099 1371 2172 dulcissima
1397 2101 1535 2182 relicta,
1561 2099 1681 2170 sedem
1708 2096 1992 2184 collocavissem,
2018 2097 2072 2170 Io.
2103 2098 2208 2192 Casp.

197 2219 321 2308 Orelli,
359 2220 493 2320 collega
526 2220 771 2308 amicissimus,
807 2221 930 2322 primis
959 2221 1075 2294 statim
1105 2221 1229 2294 diebus
1261 2249 1304 2296 ex
1334 2247 1391 2296 me
1425 2221 1612 2320 quaesivit,
1650 2220 1736 2318 quid
1771 2220 1815 2293 de
1846 2219 1971 2294 codice
2000 2217 2211 2317 sangallensi

192 2343 454 2444 evangeliorum
479 2370 545 2442 ego
571 2342 823 2431 existimarem,
849 2343 949 2418 cuius
974 2344 1050 2445 ipse
1076 2345 1249 2417 variarum
1273 2344 1468 2418 lectionum
1494 2344 1674 2446 specimen
1699 2343 1736 2414 in
1760 2342 1853 2417 libro
1882 2341 2054 2419 Ciceronis
2082 2339 2215 2414 Orator

191 2465 325 2540 Brutus
363 2465 500 2565 Topica
533 2485 599 2538 eet.
635 2486 714 2538 ante
749 2466 932 2542 biennium
965 2467 1037 2540 sere
1070 2467 1339 2569 proposuisset?
1373 2473 1450 2566 Ego
1479 2467 1633 2558 haerere.
1693 2465 1860 2540 Nondum
1890 2465 1985 2538 euim
2017 2465 2055 2534 in
2088 2487 2211 2534 manus

190 2610 332 2662 venerat
356 2589 416 2662 ille
440 2590 548 2677 liber,
583 2589 682 2688 quod
708 2615 773 2690 per
798 2609 973 2663 extremos
998 2587 1207 2692 philologici
1232 2591 1386 2663 muneris
1410 2589 1448 2662 in
1473 2591 1586 2692 patria
1611 2615 1721 2664 annos
1745 2587 1869 2662 Latina
1893 2587 2042 2660 maxime
2070 2585 2211 2657 Cicero·

191 2736 272 2784 nem
298 2711 369 2784 sere
395 2737 469 2784 non
495 2710 685 2809 attigeram.
737 2711 961 2787 Recordabar
994 2713 1162 2812 quidem,
1200 2713 1239 2786 in
1263 2712 1419 2788 Scholzii
1438 2719 1539 2788 Novo
1563 2716 1789 2804 Testamenta
1823 2709 1957 2783 codicis
1982 2707 2209 2805 sangallensis

189 2835 409 2907 mentionem
435 2858 509 2904 esse
535 2833 680 2918 factam,
714 2851 749 2902 at
773 2857 858 2905 vero
885 2853 956 2904 tam
979 2832 1122 2906 brevem
1147 2855 1290 2931 tamque
1310 2835 1471 2922 inanem,
1509 2855 1550 2906 ut
1574 2859 1642 2906 nee
1667 2832 1712 2905 de
1738 2831 1880 2930 ingenio
1906 2855 1974 2902 nec
1999 2829 2043 2900 de
2069 2831 2210 2902 fortuna

187 2953 295 3026 huius
329 2953 409 3026 libri
435 2951 629 3024 accuratius
661 2952 809 3024 iudicari
841 2973 971 3052 posset.
1021 2959 1144 3050 Itaque
1176 2953 1267 3026 nihil
1295 2935 1547 3056 properantius
1578 2956 1705 3044 habui,
1744 2981 1850 3054 quam
1875 2973 1916 3026 ut
1941 2953 1984 3026 ad
2011 2950 2114 3024 amici
2139 2951 2210 3022 mei

188 3075 394 3176 epistolam,
411 3073 648 3147 suavissimam
664 3073 770 3148 simul
787 3093 824 3145 et
834 3074 1037 3148 reconditae
1051 3075 1259 3148 eruditionis
1271 3077 1429 3176 plenam,
1445 3105 1552 3176 quanm
1569 3079 1723 3149 calendis
1739 3079 1883 3150 Octobr.
1901 3097 1931 3148 a.
1947 3075 2208 3148 MDCCCXXX

187 3197 230 3268 ad
257 3196 398 3268 Clarum
423 3193 638 3292 Madvigium
664 3195 829 3279 dederat,
852 3195 1054 3270 advolarem
1080 3219 1115 3270 et
1133 3197 1219 3297 quid
1236 3198 1284 3270 ibi
1302 3197 1347 3270 de
1363 3199 1510 3288 codice,
1537 3225 1643 3298 quem
1663 3197 1734 3271 iam
1752 3198 1910 3271 manibus
1926 3217 2042 3284 tenes,
2069 3193 2206 3278 lector,

187 3319 337 3412 relatum
362 3341 472 3407 esset,
497 3320 752 3421 perquirerem.

1135 3463 1169 3563 ς.
1210 3459 1244 3532 a.

284 3587 363 3656 Non
388 3582 469 3654 satis
494 3581 597 3684 potui
622 3581 759 3670 mirari,
794 3581 880 3682 quid
915 3603 1025 3672 esset,
1062 3583 1160 3683 quod
1195 3582 1239 3656 de
1270 3583 1342 3660 hoc
1373 3585 1465 3661 libro
1496 3607 1568 3659 tam
1593 3585 1703 3658 altum
1728 3583 1845 3656 adhuc
1870 3581 1992 3656 suisset
2015 3580 2204 3652 silentium.

184 3703 363 3778 Laudabat
403 3702 553 3780 Orelluts
589 3731 688 3778 meus
725 3707 928 3779 comitatem
966 3725 1002 3780 et
1038 3706 1294 3781 humanitatem
1331 3709 1661 3782 desideratissimam
1702 3705 1935 3780 bibliothecae
1977 3701 2205 3800 sangallensis

183 3827 370 3926 praelecti3
407 3847 526 3900 tamen
561 3855 645 3902 vero
679 3826 861 3902 Scholubs
894 3833 1127 3916 asseverabat,
1165 3856 1203 3903 se
1237 3829 1319 3903 libri
1354 3831 1462 3904 huius
1497 3831 1724 3906 collationem
1757 3853 1834 3902 non
1870 3824 2028 3924 potuisse
2062 3822 2202 3893 habere.

183 3953 305 4046 ltaque
339 3949 527 4022 consilium
558 3951 658 4052 cepi,
692 3951 807 4053 prima
838 3951 1025 4024 occasione
1058 3950 1174 4022 oblata
1207 3951 1434 4052 experiundi,
1467 3951 1555 4052 quid
1586 3953 1632 4026 de
1665 3971 1743 4027 toto
1777 3949 1869 4022 libro
1902 3945 1978 4020 fieri
2010 3966 2132 4048 posset
2164 3971 2204 4016 ac

183 4069 335 4144 deberet.
385 4073 573 4170 Sperabam
597 4091 675 4144 tum
701 4072 867 4171 quidem,
900 4099 965 4174 per
998 4071 1100 4145 serias
1132 4072 1276 4146 aestivas
1301 4099 1330 4146 a.
1356 4077 1668 4146 MDCCCXXXIII
1692 4073 1806 4146 atium
1831 4068 1920 4142 mihi
1944 4070 2020 4140 lore
2045 4065 2206 4148 itineris,

183 4191 281 4291 quod
308 4191 352 4264 ad
382 4183 633 4270 bibliothecam
656 4195 913 4292 sangallensem
939 4221 1035 4268 eram
1059 4195 1268 4269 directurus.
1318 4195 1408 4285 Sed,
1434 4215 1623 4297 antequam
1647 4194 1743 4297 ipsae
1770 4192 1875 4266 leriae
1901 4190 2082 4276 adessent,
2109 4188 2205 4286 gravi

182 4319 308 4392 morbo
334 4313 492 4388 deiectus
516 4341 613 4403 sum,
639 4317 701 4415 qui
726 4343 792 4420 per
816 4317 947 4392 multos
972 4345 1109 4392 menses
1134 4345 1191 4392 me
1216 4319 1265 4392 ita
1290 4317 1463 4410 detinuit,
1495 4340 1534 4394 ut
1559 4319 1617 4394 viu
1641 4318 1744 4392 solita
1768 4315 1889 4390 munia
1914 4313 2034 4399 obire,
2068 4310 2202 4382 nedum

181 4463 294 4511 novos
318 4436 457 4509 labores
482 4437 640 4540 recipere
664 4439 702 4512 in
727 4468 784 4513 me
809 4467 962 4543 possem.
1013 4441 1173 4516 Tandem
1197 4463 1281 4545 post
1305 4469 1437 4516 aunum
1461 4444 1529 4516 iter
1544 4442 1633 4514 illud
1652 4439 1863 4544 comparavi
1914 4435 1981 4510 Sed
1999 4434 2105 4508 etiam
2126 4453 2202 4505 tum

182 4557 348 4633 valetudo
374 4560 497 4633 afflicta
521 4561 730 4662 impedivit,
766 4565 956 4662 quominus
981 4569 1106 4640 urbem
1129 4565 1247 4640 Sancti
1271 4567 1366 4641 Galli
1390 4565 1605 4666 attingerem.
1655 4569 1790 4638 Tamen
1814 4587 1889 4635 non
1915 4556 2043 4660 quievi.
2093 4555 2200 4656 Apud

181 4681 338 4754 animum
362 4707 483 4756 meum
508 4687 678 4760 constitui
702 4687 874 4787 experiri,
911 4715 1031 4765 annon
1055 4689 1193 4788 assequi
1216 4713 1381 4790 possem,
1420 4711 1461 4763 ut
1485 4689 1574 4761 mihi
1598 4689 1657 4762 ille
1682 4688 1772 4782 liber
1795 4683 1964 4758 Turicum
1992 4681 2199 4754 mitteretur.

180 4807 233 4880 Ex
267 4805 387 4878 multis
421 4806 520 4879 annis
549 4807 627 4908 lege
660 4811 754 4912 apud
780 4811 1016 4908 sangallenses
1048 4813 1220 4886 sancitum
1251 4833 1324 4897 est,
1358 4837 1404 4886 ne
1437 4831 1533 4886 extra
1562 4812 1665 4884 aedes
1696 4805 1931 4884 bibliothecae
1960 4805 2054 4879 ullus
2085 4803 2201 4878 codex

180 4925 438 5030 manuscriptus
463 4929 659 5022 emittatur,
696 4933 794 5034 quod
820 4935 940 5036 plures
964 4934 1046 5008 libri
1068 4936 1286 5010 venerandae
1311 4935 1526 5036 antiquitatis
1560 4963 1667 5008 manu
1691 4933 1840 5017 enan,
1877 4928 2083 5006 doctissimo
2116 4926 2202 5004 Ger-

180 5050 273 5123 tato
298 5051 535 5142 commodati,
568 5056 737 5132 incendio
763 5057 850 5151 olim
874 5063 942 5132 San
966 5057 1125 5132 Blasiano
1148 5061 1335 5161 perierant.
1387 5063 1522 5134 Tamen
1546 5057 1820 5132 humanissimus
1852 5051 2085 5127 bibliothecae
2116 5051 2202 5121 Sau-

181 5171 341 5272 gulleusis
365 5177 582 5276 praelectus,
614 5179 826 5257 reverendus
852 5183 898 5258 Α.
924 5181 1102 5260 Fueltsa'us
1124 5181 1413 5260 inurcessiouem
1437 5209 1537 5256 suam
1560 5181 1745 5286 promisit3
1778 5203 1903 5283 preces
1928 5170 2028 5254 meai
2051 5171 2201 5250 oenus

1668 5313 1685 5380 ¹
1707 5315 1724 5350 ii
1749 5346 1751 5350 .
