5240 6318
409 412 570 478 XXXVI
874 475 878 486 ,
1228 398 1595 468 Pttotttoottttttta

606 594 653 662 ht
667 614 753 662 vero
777 589 902 660 srmtra
926 583 1044 657 omnia
1069 584 1143 656 eius
1169 607 1268 680 quae,
1284 601 1418 654 exstant
1442 581 1570 679 scripta
1594 579 1764 679 percurri,
1787 598 1829 650 ut
1842 577 1964 654 locum
1980 577 2181 678 reperirem,
2206 601 2314 677 quem
2330 575 2421 672 glos-

508 732 604 785 sator
628 710 830 811 respexerit.
880 711 996 801 Quare
1022 707 1065 776 ad
1091 706 1241 778 alterum
1264 703 1445 777 seudum
1469 703 1612 776 Scotum
1638 699 1764 799 respici
1788 725 1864 773 non
1888 698 2138 785 dubitaverim,
2179 724 2287 802 quem
2309 697 2422 796 Hepi-

510 833 652 906 danaus
676 833 714 902 in
738 829 861 902 Annal
886 828 909 900 l.
937 856 968 901 c.
994 854 1087 902 anno
1112 827 1186 897 818
1211 824 1375 898 claruisse
1401 823 1503 909 dicit,
1529 823 1574 893 ad
1599 849 1708 920 quem
1732 821 1888 898 eundem
1904 821 2009 898 etiam
2025 822 2230 920 psalterium
2245 824 2422 892 Graecum

412 934 416 950 ’
509 957 681 1040 reserant,
708 953 807 1024 cuius
832 951 966 1024 mentio
993 980 1014 1023 a
1036 950 1139 1024 nobis
1164 949 1254 1020 sacta
1279 967 1348 1032 est,
1374 945 1420 1018 de
1441 944 1575 1017 codicis
1594 942 1707 1016 nostri
1723 945 1836 1042 patria
1853 940 2111 1018 disserentibus.
2163 943 2274 1014 Huius
2291 941 2428 1018 &dulit

504 1077 727 1176 grammatica
759 1075 934 1173 quaedam
963 1072 1135 1172 opuscula
1166 1068 1332 1144 Lobbeus
1362 1067 1401 1138 in
1431 1064 1646 1160 bibliotheca
1670 1064 1818 1136 Thuana
1843 1083 1976 1136 exstare
2002 1064 2125 1150 refert,
2166 1065 2209 1134 ad
2237 1090 2327 1162 quae
2352 1065 2424 1136 for·

505 1217 595 1268 tasse
620 1197 684 1268 illo
709 1217 871 1294 tempore
894 1193 1046 1264 maxime
1071 1191 1332 1290 respiciebatur.
1398 1193 1557 1285 Namque
1588 1186 1750 1258 universa
1783 1212 1825 1256 ex
1850 1185 1967 1258 Caroli
1992 1165 2138 1282 quidem
2162 1187 2281 1282 Magni
2305 1205 2423 1257 mente

507 1317 684 1389 institutio
709 1315 919 1388 scholastica
943 1342 963 1384 a
987 1310 1210 1410 grammatica
1233 1309 1536 1408 proficiscebatur,
1563 1305 1670 1404 inque
1696 1307 1918 1405 grammatica
1942 1308 2014 1380 sete
2031 1309 2285 1408 complebatur.
2335 1308 2424 1381 Vide

509 1437 626 1510 Caroli
653 1437 845 1537 epistolam.
863 1433 1108 1507 scholasticam
1132 1431 1171 1504 in
1194 1431 1319 1503 Annal.
1345 1430 1473 1502 Bened.
1499 1434 1603 1503 Tom.
1629 1437 1673 1502 11.
1699 1457 1777 1532 pag.
1798 1432 1870 1503 278
1889 1455 1932 1503 ss.
1960 1457 2051 1528 quae
2077 1429 2183 1502 etiam
2206 1430 2281 1502 aliis
2305 1431 2425 1502 multis

509 1556 547 1628 in
571 1556 668 1628 libris
694 1555 841 1655 repetita
870 1576 932 1626 est.

412 1679 499 1761 ἷοῖ,
553 1681 631 1774 Pag.
660 1673 742 1748 357.
794 1675 865 1746 Diu
895 1674 1061 1746 haesitavi
1094 1674 1182 1771 quid
1215 1673 1260 1745 de
1289 1671 1345 1744 his
1373 1672 1487 1745 verbis
1520 1674 1680 1747 facerem.
1733 1681 1808 1746 Iam
1832 1674 2104 1775 explicationem
2127 1678 2317 1750 verborum
2341 1699 2427 1747 con·

512 1819 626 1871 textus
652 1831 698 1882 εις
718 1827 822 1870 aaron
841 1797 1002 1869 existimo
1029 1816 1065 1867 et
1088 1795 1168 1892 lego
1194 1795 1233 1866 iu
1257 1797 1458 1867 oratabuem.
1508 1795 1703 1867 Sententia:
1730 1816 1766 1866 et
1791 1794 2017 1868 crediderunt
2041 1795 2084 1866 iis
2109 1821 2198 1894 quae
2214 1798 2423 1896 proferebat.
2571 1881 2578 1888 .

410 1928 449 1987 ut
473 1899 518 1988 εὖ
540 1919 618 2016 ipso
632 1907 702 2020 soc
729 1933 762 1996 ÷
791 1931 840 1990 nt.
890 1923 968 2016 Pag.
996 1919 1079 2007 384.
1130 1920 1238 2014 Lege:
1281 1935 1321 1986 nt
1354 1916 1428 1987 sine
1461 1916 1541 2016 ipso
1574 1917 1704 1987 sactum
1729 1935 1781 1988 est
1805 1916 1910 2008 nihil;
1953 1937 1988 1988 et
2014 1917 2172 2016 expedia
2198 1921 2249 1988 Ea
2273 1917 2426 2015 quaein

511 2057 610 2110 textu
632 2038 719 2138 legis
745 2039 843 2138 quod
870 2038 914 2109 ad
940 2037 1200 2138 grammaticam
1223 2036 1350 2108 similia
1373 2058 1456 2109 sunt
1478 2037 1552 2108 his:
1582 2041 1656 2112 sabe
1680 2042 1756 2140 ipso
1770 2043 1990 2142 factumest
2014 2039 2113 2114 nihil.

1354 2175 1388 2276 §.
1421 2177 1480 2252 89.

412 2283 547 2374 ΒΟἨ
566 2321 645 2395 pag.
673 2293 757 2368 358.

411 2407 506 2495 Do·
527 2445 606 2519 pag.
633 2418 716 2490 117.
745 2416 828 2489 379.

410 2548 514 2616 AON.
541 2548 705 2612 Roerner.
731 2540 792 2611 sol.
822 2537 879 2612 16.
906 2538 964 2612 55.

410 2648 538 2740 DO-N.
565 2669 730 2734 Boerner.
764 2662 826 2731 fol.
850 2657 883 2730 5.

410 2784 496 2859 ΒΟ.
527 2792 692 2858 Boenma
727 2783 789 2854 sol.
818 2783 874 2854 18.

609 2910 704 2974 Haec
735 2901 949 3000 compendia
980 2927 1093 2974 unum
1126 2902 1354 3002 scriptorem,
1395 2901 1672 2974 Grammaticum
1698 2903 1909 2988 ostendunt,
1948 2907 2152 2995 Donatum,
2195 2910 2296 2981 cuius
2321 2933 2429 3008 opera

508 3023 682 3097 Alcua'nus
705 3021 775 3095 loc.
802 3021 860 3094 cit.
886 3021 943 3092 his
965 3023 1080 3096 verbis
1104 3043 1292 3097 memorat:

753 3144 849 3236 Quid
876 3147 1010 3216 Probus
1036 3165 1140 3244 atque
1166 3144 1317 3226 Phocas,
1354 3145 1523 3218 Donatus
1546 3145 1794 3220 Priscianusve.

613 3272 679 3337 Per
704 3285 816 3338 totam
841 3266 994 3336 mediam
1018 3286 1166 3338 aetatem
1189 3265 1228 3335 in
1252 3291 1392 3337 summo
1417 3266 1555 3338 honore
1581 3266 1703 3338 Aelius
1726 3267 1895 3340 Donatus
1918 3267 2111 3342 habebatur
2140 3271 2239 3370 quod
2269 3273 2327 3344 vel
2346 3273 2430 3346 inde

511 3386 720 3484 intelligitur
744 3387 939 3484 quodiam
967 3385 1062 3477 1450
1086 3411 1152 3485 per
1176 3385 1233 3457 Io.
1260 3385 1355 3457 Furt
1379 3385 1488 3458 editio
1520 3385 1687 3485 princeps
1718 3388 1903 3486 proposita
1928 3408 1989 3461 est.
2041 3396 2083 3460 In
2113 3397 2148 3464 S.
2182 3393 2277 3468 Galli
2309 3420 2432 3467 mona·

509 3507 618 3578 sterio
643 3507 715 3578 iam
739 3507 880 3579 saeculo
905 3532 1004 3579 nono
1029 3507 1132 3606 plura
1157 3506 1232 3576 eius
1257 3505 1417 3604 exempla
1443 3505 1681 3595 habebantur,
1707 3509 1871 3608 catalogis
1894 3510 2053 3616 testibus,
2080 3514 2142 3611 qui
2167 3514 2300 3588 ibidem
2324 3543 2432 3589 asser-

517 3650 654 3703 vantur.
706 3636 748 3701 In
773 3651 896 3702 nostro
923 3628 1048 3702 codice
1073 3627 1126 3699 bis
1151 3657 1341 3725 nepotatur
1366 3627 1545 3699 mentione
1579 3628 1617 3698 in
1650 3648 1750 3700 textu
1781 3630 1886 3713 sacta,
1928 3632 1972 3703 ad
1997 3638 2175 3708 Donatum
2203 3659 2430 3737 provocatur.

508 3757 587 3850 Pag.
618 3752 686 3823 117
714 3750 758 3821 ad
786 3750 1009 3852 hyperbolen
1031 3747 1200 3822 Donubas
1227 3747 1390 3846 magister
1411 3747 1547 3822 citatur.
1599 3751 1749 3824 Maxime
1775 3753 1887 3827 miror
1913 3755 2011 3854 quod
2031 3757 2070 3830 in
2090 3761 2187 3830 Luca
2212 3759 2256 3831 ad
2283 3761 2432 3833 eandem

508 3874 719 3946 sententiam
750 3873 794 3944 ad
818 3901 925 3971 quam
947 3873 985 3944 in
1005 3872 1185 3945 Matthaeo
1208 3872 1377 3944 Donatus
1402 3873 1604 3946 nominatus
1631 3896 1692 3948 est.

1361 4013 1393 4110 ς.
1420 4009 1480 4082 aa.

410 4135 519 4214 ll'ffl
549 4142 701 4214 additur.
752 4149 831 4240 Pag.
858 4147 942 4215 300.
992 4146 1139 4216 Interim
1168 4144 1257 4215 mihi
1276 4167 1414 4218 certum
1436 4165 1505 4234 est,
1541 4148 1647 4248 plane
1670 4150 1760 4222 nihil
1783 4153 1930 4241 referre,
1969 4175 2090 4228 utmm
2119 4156 2250 4228 Latinis
2278 4155 2367 4228 haec
2388 4183 2433 4227 an

513 4265 658 4340 Graecis
688 4265 818 4365 scripta
846 4264 934 4351 sint,
970 4293 1082 4364 quum
1103 4266 1200 4336 hisce
1231 4268 1432 4368 promiscue
1459 4269 1618 4342 librarius
1645 4271 1683 4342 in
1716 4273 1870 4370 margine
1895 4295 2022 4348 utatur.
2085 4275 2122 4346 si
2149 4276 2352 4349 coniectura
2381 4277 2433 4348 uti

509 4389 612 4498 licet,
640 4416 709 4487 qua
739 4388 870 4460 librarii
888 4389 1008 4463 honor
1028 4389 1217 4476 minuitur,
1250 4391 1417 4488 equidem
1431 4394 1597 4498 yperbole
1623 4394 1813 4492 legendum
1835 4423 1909 4470 esse
1935 4396 2141 4470 censuerim.

412 4515 482 4614 Ap.
532 4512 647 4584 Semel
669 4532 779 4585 exstat
804 4537 882 4612 pag.
907 4513 989 4584 361.
1041 4519 1083 4583 In
1110 4512 1321 4610 quibusdam
1341 4513 1523 4587 codicibus
1546 4541 1590 4588 eo
1616 4517 1699 4590 loco
1722 4518 1782 4589 cui
1800 4519 1889 4592 haec
1912 4540 1997 4592 nota
2015 4517 2199 4606 adhaeret,
2236 4520 2351 4593 verbis
2376 4557 2434 4600 aaa

511 4663 573 4722 την
592 4642 744 4730 odelone
763 4665 865 4722 αυτης
886 4637 1005 4738 ipsum
1030 4636 1160 4708 Mariae
1180 4662 1313 4709 nomen
1334 4637 1391 4708 vel
1416 4639 1668 4739 praemittitur,
1702 4641 1759 4714 vel
1784 4642 1947 4715 sociatur.
1998 4641 2164 4742 Inprimis
2186 4641 2259 4716 hoc
2279 4643 2325 4717 de
2350 4651 2434 4718 Ver

508 4759 652 4832 cellensi
690 4761 792 4832 valet.
843 4765 961 4854 Quare
998 4759 1178 4831 librarium
1209 4758 1493 4858 grammaticum,
1536 4760 1721 4836 hominem
1749 4788 1913 4865 perverse
1947 4763 2145 4852 eruditum,
2187 4751 2237 4865 ᾧ
2265 4765 2433 4840 adiecisse

509 4902 673 4965 autumo,
713 4883 1007 4982 significaturum,
1049 4909 1115 4984 per
1151 4883 1375 4983 aposrbpesiu
1403 4883 1533 4958 Mariae
1557 4912 1690 4962 nomen
1719 4913 1792 4960 esse
1814 4911 2051 4988 suppressum.
2113 4887 2291 4988 Equidem
2311 4889 2468 4963 saltem·

514 5004 582 5077 tale
602 5005 726 5080 vitium
751 5005 847 5107 apud
865 5027 1028 5112 nostrum
1047 5033 1122 5081 non
1142 5007 1264 5081 miror.

1199 5145 1608 5172 ...t-*—
