5240 6318
396 414 500 486 XLII
1224 416 1593 486 Pttotuuoututta

497 601 597 691 Quae
622 619 803 700 praeterea
827 599 865 670 in
888 597 1176 699 inscriptionibus
1203 619 1239 670 et
1262 597 1476 695 marginibus
1499 613 1692 668 occurrunt
1711 595 1875 682 notulae,
1900 595 1986 668 item
2002 620 2091 696 qttae
2106 597 2146 670 in
2161 594 2288 668 finibus
2304 594 2413 668 libro-

401 749 496 796 rum:
534 743 678 795 ornatus
703 749 807 796 causa
831 751 852 794 a
875 722 1018 796 librario
1042 741 1187 822 vagante
1212 721 1348 793 calamo
1373 721 1511 792 additae
1536 737 1628 792 sunt.

1331 902 1368 1004 ς.
1397 899 1479 970 soa.

496 1036 604 1108 Omni
639 1035 686 1108 de
716 1057 882 1109 notamen
915 1033 1158 1134 marginalium
1191 1035 1501 1135 significationibus
1527 1037 1735 1134 quaestione
1768 1036 1947 1123 absoluta,
1987 1055 2110 1122 restat,
2152 1057 2192 1109 ut
2217 1037 2413 1121 deamata,

400 1183 473 1255 quo
499 1157 638 1229 additae
665 1158 751 1246 sint,
778 1159 894 1257 deque
921 1160 1045 1232 ordine
1071 1187 1144 1258 quo
1169 1186 1244 1232 sese
1270 1160 1489 1261 exceperint,
1514 1185 1627 1260 pauca
1650 1161 1757 1232 verba
1780 1159 1876 1230 fiant.

499 1284 589 1353 Cum
613 1299 711 1352 textu
735 1283 885 1382 scriptae
909 1302 992 1353 sunt
1014 1281 1135 1354 literae
1160 1287 1315 1354 Graecae
1340 1282 1553 1366 numerales,
1594 1281 1721 1378 quibus
1754 1279 1908 1380 capitula
1931 1276 2176 1376 insigniuntur.
2227 1284 2306 1354 Hoc
2329 1306 2415 1379 pro-

398 1384 501 1473 balur
534 1406 575 1500 1)
602 1429 645 1474 ex
677 1430 740 1490 eo,
783 1404 882 1502 quod
914 1404 1042 1476 eodem
1072 1405 1177 1503 plane
1213 1425 1408 1477 atramento
1438 1403 1554 1504 pictae
1589 1423 1689 1490 sunt,
1727 1428 1802 1501 quo
1834 1401 2082 1502 inscriptiones
2112 1400 2226 1501 ipsae,
2265 1425 2414 1499 quarum

400 1550 567 1597 numeros
593 1526 809 1625 exprimunt3
837 1528 875 1626 2)
901 1553 944 1597 ex
969 1553 1032 1612 eo,
1059 1527 1158 1625 quod
1186 1527 1366 1600 character
1389 1527 1570 1600 literarum
1594 1554 1615 1597 a
1638 1526 1818 1598 literarum
1830 1529 2048 1598 Graecarum
2072 1524 2110 1595 in
2133 1543 2233 1596 textu
2251 1519 2414 1593 ductibus

399 1671 574 1744 nusquam
599 1649 733 1720 recedit
739 1681 750 1740 3
778 1651 815 1750 3)
845 1675 888 1720 ex
913 1675 976 1735 eo,
1002 1650 1101 1746 quod
1127 1650 1329 1752 saepissime
1354 1650 1439 1722 aliae
1463 1650 1628 1731 notulae,
1652 1647 1814 1749 inprimis
1839 1671 1992 1718 canones
2016 1643 2203 1718 Eusebiani
2227 1664 2265 1716 et
2285 1641 2415 1718 teodo-

399 1792 463 1840 nes
486 1769 712 1842 Euthalianae
737 1767 812 1844 istis
836 1769 930 1844 notis
954 1771 1191 1846 numeralibus
1215 1771 1264 1844 ita
1288 1771 1567 1854 circumdantur,
1598 1791 1640 1843 ut
1663 1769 1772 1844 serius
1798 1769 1949 1842 adiectas
1975 1794 2051 1844 esse
2073 1786 2249 1870 appareat

1332 1951 1368 2052 §-
1397 1951 1479 2021 toa.

498 2082 610 2155 Simul
643 2107 726 2156 oum
758 2103 856 2156 textu
888 2085 1037 2184 scriptae
1072 2106 1154 2157 sunt
1182 2082 1304 2158 literae
1335 2087 1539 2184 marginales
1564 2090 1604 2158 C.
1628 2089 1668 2156 L.
1694 2090 1735 2155 R.
1762 2089 1800 2161 Z.
1825 2110 1916 2182 quae
1942 2079 2144 2182 saepissime
2170 2098 2357 2152 recurrant
2380 2099 2417 2149 et

399 2203 529 2302 ubique
554 2221 628 2276 tam
652 2207 836 2278 atramenti
860 2208 1000 2294 colore,
1042 2233 1149 2305 quam
1174 2208 1245 2280 suis
1270 2205 1434 2281 ductibus
1460 2227 1644 2282 contextus
1667 2205 1827 2277 habitum
1852 2205 2068 2306 exprimunt,
2104 2201 2265 2300 adeoque
2290 2199 2417 2273 calami

400 2345 523 2398 recens
548 2327 706 2428 apparati
730 2328 998 2402 iucunditatem.
1050 2333 1102 2403 De
1127 2329 1169 2402 iis
1193 2330 1321 2414 literis,
1357 2356 1447 2430 quae
1472 2331 1658 2430 aliquoties
1681 2347 1819 2402 tantum
1843 2327 2086 2429 reperimur,
2128 2324 2219 2400 nibil
2244 2325 2415 2402 affirmare

398 2469 501 2522 ausus
525 2471 602 2521 arm

1330 2591 1367 2696 ς.
1396 2595 1479 2684 104.

496 2727 618 2822 Longe
640 2726 753 2796 serius
777 2752 886 2824 quam
903 2729 984 2827 sere
1008 2724 1128 2798 omnia
1152 2725 1218 2796 alia
1243 2753 1421 2828 canonum
1447 2748 1482 2799 et
1506 2728 1704 2800 sectionum
1728 2726 1868 2826 numeri
1892 2723 2004 2798 additi
2025 2744 2119 2796 sunt.
2178 2726 2351 2797 Probatur
2375 2721 2414 2792 id

399 2841 550 2917 maxime
574 2871 639 2934 eo,
674 2845 772 2944 quod
798 2844 869 2919 sere
894 2843 1025 2918 nullius
1050 2846 1185 2945 generis
1209 2869 1315 2922 notae
1340 2869 1492 2935 exstant,
1526 2849 1653 2948 quibus
1676 2873 1752 2923 non
1775 2849 1825 2921 ita
1849 2846 2057 2921 circumdati
2080 2845 2151 2918 sint
2173 2845 2232 2918 isti
2255 2844 2413 2932 mameri,

399 2985 440 3035 ut
465 2966 552 3064 quid
576 2967 675 3068 prius
700 2967 873 3068 scriptum
897 2966 1017 3052 luerit,
1054 2989 1214 3042 accurate
1240 2967 1474 3069 dignoscatur.

495 3091 548 3158 De
580 3090 724 3187 reliquis
756 3092 851 3163 notis
874 3092 1119 3189 marginalibus
1144 3093 1182 3163 in
1206 3093 1408 3166 universum
1431 3092 1654 3192 pronuntiari
1676 3091 1811 3189 nequit.
1874 3095 1963 3162 Sunt
1995 3092 2089 3163 enim
2121 3089 2257 3188 aliquae
2287 3116 2414 3163 eorum

399 3209 475 3281 sine
500 3209 611 3284 dubio
636 3211 741 3286 simul
766 3239 849 3286 cum
874 3235 973 3288 textu
994 3215 1145 3314 scriptae
1166 3241 1203 3302 a.
1224 3241 1259 3288 c.
1292 3215 1514 3300 Martiarum,
1549 3214 1712 3300 Boi‘tr‘rar,
1748 3213 1821 3288 fere
1856 3210 1976 3286 omnia
2007 3209 2154 3286 nomina
2175 3211 2413 3307 grammatica3

396 3350 482 3404 sunt
505 3355 591 3408 vero
616 3333 738 3421 etiam,
775 3362 866 3434 quae
902 3362 946 3408 ex
974 3357 1169 3410 atramento
1204 3359 1241 3410 et
1272 3363 1316 3410 ex
1346 3337 1528 3410 literarum
1554 3337 1719 3410 ductibus
1752 3334 1862 3410 serim
1894 3333 2049 3408 adiectae
2082 3332 2158 3408 siue
2183 3331 2294 3409 dubio
2319 3353 2415 3410 sunt.

399 3455 612 3554 Exemplum
635 3457 793 3552 Αςαηοιι
816 3458 877 3542 sit,
904 3457 1003 3555 quod
1031 3459 1164 3557 ubique
1189 3458 1385 3562 recentiore
1410 3478 1605 3532 euamento
1631 3459 1752 3560 lulget.
1799 3456 1867 3532 Sed
1892 3456 2040 3554 longum
2056 3475 2124 3541 est.
2148 3455 2238 3531 haec
2254 3475 2413 3530 accurate

401 3601 522 3648 coram
545 3576 736 3651 lectoribus
762 3581 968 3654 examinare.
1019 3588 1142 3678 Itaque
1168 3582 1206 3653 in
1230 3581 1302 3654 hoc
1327 3581 1565 3677 acquiescant,
1595 3581 1634 3653 in
1657 3581 1840 3654 literarum
1862 3575 2026 3656 ductibus
2050 3578 2103 3654 nil
2122 3575 2288 3684 repetiti,
2314 3576 2413 3680 quod

401 3697 445 3768 ad
472 3699 582 3772 serius
606 3701 751 3802 aliquod
778 3729 885 3804 quam
908 3704 1090 3814 decimum
1111 3704 1294 3777 menulum
1316 3701 1434 3775 ducat.

1325 3882 1365 3982 g
1401 3877 1484 3954 105.

498 4021 614 4118 Caput
636 4039 713 4091 nou
737 4018 876 4107 fialam,
908 4018 978 4091 nisi
1002 4019 1118 4115 liegii
1138 4020 1346 4094 mutandam
1372 4019 1417 4094 ds
1442 4018 1678 4096 Boemoriano
1702 4016 1976 4101 emendaverint,
2000 4013 2278 4118 permeantis,
2312 4033 2415 4092 noua

398 4140 604 4235 marginales
627 4143 741 4212 stinul
759 4169 879 4212 omnes
903 4169 986 4213 cum
1011 4163 1182 4214 contextu
1206 4143 1352 4241 scriptas
1377 4167 1462 4215 esse.
1512 4141 1616 4214 Unde
1641 4141 1714 4216 hoc
1737 4141 1882 4230 babeat,
1913 4141 2045 4214 nescio.
2094 4144 2182 4216 Nam
2205 4135 2415 4216 mathesim

400 4256 548 4355 quidem
572 4285 649 4332 non
674 4263 803 4336 retulit.
854 4262 922 4334 Sed
948 4262 978 4332 si
1002 4261 1188 4344 retulisset,
1213 4262 1321 4333 fidem
1345 4285 1420 4332 non
1444 4260 1628 4349 haberem,
1661 4263 1744 4360 quia
1768 4261 1806 4333 in
1829 4261 1903 4336 istis
1928 4265 2031 4335 rebus
2054 4257 2264 4332 blattbaeius
2287 4283 2413 4358 parum

397 4403 504 4478 sagax
528 4380 636 4460 iudex
661 4383 894 4486 existimatur.¹
952 4383 1086 4458 Eadem
1115 4383 1220 4484 plane
1252 4385 1393 4457 fortuna
1426 4403 1547 4456 noster
1576 4404 1615 4456 et
1637 4383 1867 4486 Sangallensis
1898 4384 1954 4458 usi
1985 4407 2059 4456 esse
2079 4381 2266 4480 ridentur,
2304 4405 2412 4481 quare

399 4487 445 4573 de
470 4502 654 4606 utriusque
678 4501 772 4582 notis
796 4502 955 4582 similiter
979 4502 1203 4581 statuendum
1229 4527 1303 4579 esse
1329 4503 1499 4579 existimo.
