5240 6318
434 393 528 490 Vl·

437 573 581 663 Quanto
615 570 789 640 maiorem
825 567 1022 662 theologiae
1056 562 1269 636 Christianae
1302 585 1338 634 et
1371 589 1465 634 noro
1500 562 1660 660 inprimis
1698 561 1834 633 foederi
1867 564 2076 664 explicando
2115 593 2260 666 operam
2293 596 2449 656 navaret,

436 688 534 739 tanto
559 667 667 762 magis
693 664 863 736 candidus
888 663 997 760 ipsius
1022 663 1175 748 animus,
1201 661 1239 731 in
1263 661 1394 732 ‘bristi
1420 661 1612 732 reverentia
1638 660 1828 746 enutritus,
1854 687 1935 732 vera
1961 689 2033 735 esse
2060 693 2149 761 quae
2165 666 2214 736 ibi
2231 667 2450 742 traderentur

436 758 645 835 inveniebat.
697 769 775 832 Huc
800 762 943 831 accessit
968 761 1071 832 amici
1096 759 1257 832 doctrina
1283 778 1318 829 et
1343 757 1473 853 ingenii
1499 757 1641 828 dotibus
1666 759 1850 856 conspicui
1875 759 1944 828 iam
1970 785 2029 840 sex
2054 763 2184 832 abhinc
2209 790 2320 836 annos
2345 767 2449 839 simili

438 864 567 932 morbo
601 859 736 956 abrepti
769 859 856 932 fides
888 879 924 928 et
958 857 1236 954 frequentissima
1267 855 1312 926 de
1346 855 1520 926 eiusmodi
1554 858 1657 925 rebus
1687 881 1770 924 cum
1804 855 1932 926 eodem
1962 859 2227 945 sermocinatio,
2267 883 2302 932 et
2338 865 2449 936 fratris

435 957 546 1054 ipsius
576 984 702 1055 parurn
736 957 836 1024 firma
868 954 1044 1026 valetudo.
1096 955 1267 1026 Memoria
1298 973 1401 1024 teneo
1434 952 1578 1023 solitum
1607 951 1724 1050 ipsum
1755 953 1888 1038 dicere,
1926 979 1992 1024 nos
2022 955 2125 1052 plane
2155 957 2255 1028 aliter
2280 959 2324 1030 de
2351 965 2448 1032 omni

435 1054 527 1125 vitae
556 1054 689 1124 ratione
716 1053 887 1149 cogitare,
921 1053 950 1122 si
975 1053 1069 1122 haud
1093 1051 1223 1163 procul
1248 1077 1267 1120 a
1293 1070 1409 1120 morte
1433 1076 1499 1119 nos
1525 1052 1641 1119 abesse
1675 1051 1873 1132 sentiamus.
1930 1055 2044 1122 Erunt
2069 1054 2212 1124 sortasse
2239 1056 2300 1152 qui
2326 1060 2448 1130 mortis

434 1172 533 1221 metu
566 1151 659 1221 hanc
692 1151 766 1220 eius
799 1150 1059 1246 persuasionem
1091 1169 1138 1217 rta
1172 1169 1285 1218 ortam
1319 1173 1391 1217 esse
1425 1147 1656 1244 suspicentur.
1716 1146 1850 1217 Vellem
1881 1167 1922 1216 ut
1956 1149 1994 1218 hi
2028 1150 2073 1220 de
2107 1171 2220 1221 morte
2254 1153 2446 1243 dicentem,

431 1269 473 1316 ut
508 1249 718 1320 morientem
754 1247 874 1316 videre
907 1247 1114 1344 potuissent.
1170 1248 1291 1336 Quum
1316 1244 1376 1313 hic
1403 1265 1492 1313 esset
1517 1245 1591 1314 eius
1617 1243 1724 1314 animi
1748 1265 1873 1330 status,
1910 1245 1998 1316 haec
2024 1247 2203 1334 doctrina,
2241 1249 2329 1322 haec
2354 1273 2447 1326 tanta

434 1345 568 1440 ingenii
594 1346 699 1425 acies,
736 1346 899 1443 profecto
931 1370 1004 1415 non
1039 1363 1090 1412 est
1124 1341 1221 1438 quod
1256 1341 1391 1411 mireris
1420 1341 1674 1438 praelectiones
1707 1340 1800 1424 eius,
1838 1342 1931 1440 apud
1967 1345 2175 1415 Turicenses
2204 1343 2445 1443 potissimum,

432 1461 565 1511 tantam
590 1444 661 1512 vim
687 1441 848 1512 habuisse
873 1441 910 1511 in
935 1441 1125 1511 audientes.
1185 1445 1264 1538 Ipse
1294 1438 1339 1509 de
1370 1438 1649 1538 praelectionum
1674 1465 1815 1510 suarum
1841 1461 1968 1511 eventu
1993 1468 2153 1527 securus,
2190 1443 2254 1514 Dei
2280 1463 2445 1542 tanquam

430 1538 705 1610 instrumentum
731 1565 767 1608 se
794 1539 933 1609 dicebat
958 1563 1049 1621 esse,
1076 1565 1144 1606 nec
1168 1559 1204 1606 se
1229 1535 1347 1634 ipsum
1372 1559 1473 1632 agere
1499 1535 1711 1633 quidquam,
1744 1538 1805 1608 sed
1832 1537 1887 1633 agi
1913 1539 2191 1634 quodammodo.
2242 1542 2443 1638 Aliquando

430 1636 615 1708 discedens
640 1641 682 1707 ab
707 1636 822 1706 amico
847 1635 890 1704 ad
917 1635 1172 1732 praelectiones
1197 1633 1241 1704 de
1267 1635 1363 1704 libris
1389 1634 1494 1703 sacris
1519 1633 1696 1705 habendas
1722 1689 1744 1720 „
1755 1641 1809 1705 Ire
1834 1661 1890 1719 se,
1925 1635 2061 1732 inquit,
2096 1637 2134 1705 in
2166 1663 2290 1735 preces
2322 1667 2410 1713 suas.
2423 1661 2443 1688 “

526 1739 578 1805 De
604 1734 743 1832 scriptis
769 1733 844 1804 eius
869 1732 1102 1812 scholasticis,
1127 1732 1370 1829 philologieis,
1398 1731 1623 1827 theologicis,
1648 1759 1760 1827 quum
1784 1732 1822 1801 in
1847 1733 1971 1830 vulgus
1994 1755 2077 1805 nota
2100 1733 2189 1814 sint,
2216 1735 2333 1808 dicere
2354 1739 2444 1810 nihil

427 1832 560 1902 attinet.
628 1832 667 1900 Id
704 1852 840 1901 tantum
872 1829 1047 1900 monitum
1081 1830 1202 1912 velim,
1240 1855 1315 1901 non
1349 1831 1521 1900 minorem
1553 1855 1634 1900 eum
1667 1828 1805 1927 scriptis
1840 1831 1910 1900 suis
1943 1831 2016 1900 veri
2043 1856 2200 1902 amorem
2226 1853 2261 1902 et
2285 1832 2442 1910 humano

427 1929 545 2024 generi
571 1928 780 2002 consulendi
804 1926 961 1998 studium
986 1928 1205 2025 probavisse,
1247 1955 1353 2024 quam
1385 1928 1455 2000 rita
1480 1948 1514 1996 et
1541 1925 1725 2022 diligenter
1749 1926 1990 1998 administrato
2016 1930 2257 2027 praeceptoris
2283 1958 2441 2006 munere.

424 2031 512 2096 Nam
547 2054 658 2123 quum
694 2025 917 2113 „Ecclesiam
945 2025 1089 2096 liberam
1100 2041 1121 2070 “
1157 2025 1338 2110 scriberet,
1379 2023 1516 2124 saepius
1549 2049 1631 2094 eum
1658 2025 1830 2094 calamum
1855 2025 1900 2094 de
1933 2052 2040 2094 manu
2072 2025 2251 2125 deponere
2286 2031 2441 2112 memini,

426 2123 507 2220 quia
531 2127 644 2220 probe
676 2121 901 2220 intelligeret,
949 2144 1117 2220 quantum
1143 2123 1394 2196 detrimentum
1415 2121 1483 2222 ipsi
1504 2143 1538 2194 et
1559 2121 1629 2193 suis
1655 2149 1695 2192 ex
1718 2121 1785 2194 hac
1810 2121 2002 2220 scriptione
2025 2122 2199 2196 oriturum
2227 2148 2335 2216 esset3
2379 2129 2440 2199 sed

427 2221 540 2292 victus
567 2223 709 2293 veritate
736 2221 772 2290 in
799 2221 985 2292 scribendo
1011 2222 1174 2320 perrexit.
1242 2223 1407 2294 Criticam
1436 2221 1520 2292 novi
1554 2221 1751 2292 testamenti
1777 2219 1989 2308 editionem,
2033 2221 2295 2318 evangeliorum
2321 2252 2441 2322 exege-

430 2317 551 2399 ticam‚
583 2347 689 2416 quam
715 2321 873 2416 parabat,
906 2318 1004 2415 quod
1033 2320 1201 2416 perficere
1227 2347 1300 2391 non
1326 2321 1463 2419 potuit,
1490 2344 1702 2416 magnopere
1729 2319 1923 2390 dolendum
1951 2339 2012 2390 est.

525 2419 718 2488 Dehinctus
745 2436 797 2486 est
821 2416 999 2512 trigesimo
1026 2443 1062 2486 se
1090 2417 1177 2488 timo
1204 2419 1323 2490 aetatis
1350 2444 1443 2490 anno
1469 2416 1630 2487 nondum
1655 2415 1835 2500 absoluto,
1860 2437 2049 2527 postquam
2070 2417 2126 2486 vix
2151 2417 2294 2490 tertium
2311 2447 2440 2490 annum

423 2513 562 2594 Turici,
606 2515 635 2584 si
668 2515 793 2586 morbo
819 2536 988 2600 vacasset,
1030 2442 1267 2586 felicissimum
1293 2537 1513 2612 transegerat.
1581 2520 1667 2583 Nam
1692 2514 1938 2586 Turicensrum
1964 2542 2044 2612 erga
2070 2541 2152 2584 eum
2177 2516 2305 2588 amoris
2330 2520 2441 2588 multa

424 2632 459 2680 et
492 2611 669 2708 praeclara
696 2632 924 2680 monumenta
950 2632 1084 2696 extant,
1123 2613 1327 2710 praesertim
1361 2642 1442 2684 cum
1475 2613 1506 2682 ei
1540 2638 1612 2683 non
1639 2612 1757 2682 multis
1783 2631 1861 2682 ante
1888 2633 2039 2683 mortem
2066 2611 2190 2683 diebus
2215 2614 2269 2684 ius
2294 2615 2440 2686 civitatis

421 2708 579 2778 unanimi
604 2733 778 2778 consensu
802 2705 1156 2779 honorificentissime
1182 2711 1405 2781 contuleriiat.
1457 2717 1578 2806 Ipsum
1603 2709 1692 2780 adeo
1717 2711 1881 2780 morbum
1905 2731 1976 2779 tam
1998 2710 2136 2808 placide
2161 2713 2374 2809 perferebat,
2402 2735 2440 2782 ut

422 2831 564 2874 mecum
580 2803 827 2882 amantissime,
871 2823 910 2872 ut
933 2805 1080 2884 solebat,
1113 2806 1339 2901 colloquens,
1369 2808 1460 2874 hanc
1476 2807 1587 2900 ipsam
1605 2834 1743 2876 causam
1760 2833 1832 2877 esse
1847 2806 1990 2889 dixerit,
2012 2835 2076 2884 cur
2091 2807 2200 2904 ipsius
2215 2834 2283 2905 pro
2298 2811 2438 2880 Christo

422 2901 664 2972 testimonium
690 2921 786 2970 tanto
811 2900 1042 2996 pronioribus
1062 2902 1202 2972 auribus
1224 2903 1419 2998 animisque
1436 2901 1668 2998 exciperetur.
1720 2896 1840 2990 Quum
1855 2905 1973 2995 pridie
1987 2925 2065 2970 ante
2082 2923 2234 2972 mortem
2250 2908 2440 3014 accepisset

422 2997 550 3068 instare
576 3018 714 3096 tempus
734 2998 831 3094 quod
856 2997 1016 3068 criticum
1036 2999 1166 3069 medici
1184 3021 1328 3085 vocant,
1354 3000 1532 3098 paulisper
1555 2997 1782 3068 conturbatus
1803 2995 1937 3090 rogavit
1955 2995 2128 3068 adstantes
2152 3025 2438 3097 consangumeos‚

422 3117 463 3165 ut
487 3094 651 3192 precibus
676 3121 840 3165 somnum
867 3121 885 3163 a
912 3099 987 3165 Deo
1014 3097 1079 3166 sibi
1106 3118 1323 3194 expeterent,
1351 3099 1379 3168 si
1405 3121 1531 3166 somno
1557 3094 1740 3190 indulgere
1765 3111 1902 3260 glosset,
1929 3091 2001 3161 viar
2026 3094 2141 3164 morbi
2165 3095 2339 3168 leniorem
2363 3103 2438 3170 fore

423 3219 576 3290 sperans.
631 3193 739 3264 Paulo
767 3191 876 3262 serius
904 3194 1038 3288 rogavit
1065 3220 1120 3262 me
1146 3214 1187 3264 ut
1212 3195 1326 3290 legere
1353 3195 1419 3293 ipsi
1445 3193 1570 3264 vellem
1598 3217 1739 3262 carmen
1764 3218 1775 3259 1
1804 3190 1851 3259 ud
1878 3189 1993 3260 solatii
2020 3211 2054 3260 et
2080 3191 2161 3261 fidei
2179 3193 2438 3292 plenissimum:

421 3344 442 3374 „
457 3291 530 3362 W
524 3318 561 3360 er
577 3291 725 3362 nurden
742 3289 849 3362 lr'eben
870 3287 958 3362 Gott
974 3289 1063 3362 liisst
1078 3291 1251 3362 Walten.“
1302 3295 1385 3384 Quo
1403 3293 1494 3361 sacto
1512 3289 1690 3388 paulisper
1706 3286 1939 3374 obdormivit,
1965 3307 2108 3358 noctem
2131 3316 2215 3362 vero
2232 3314 2439 3387 sequentem

419 3387 620 3458 insomnem
651 3386 824 3484 transegit.
895 3391 1039 3462 Postero
1075 3416 1176 3460 mane
1215 3390 1318 3462 tantis
1348 3387 1503 3488 pectoris
1541 3387 1723 3460 doloribus
1758 3385 1906 3456 cruciari
1942 3411 1979 3456 se
2015 3407 2157 3498 questus
2187 3409 2256 3468 est,
2300 3392 2438 3486 quantis

419 3511 602 3585 nunquam
638 3506 748 3556 antea.
801 3490 909 3559 Paulo
967 3508 1039 3572 ost,
1078 3486 1205 3558 sedatis
1240 3487 1442 3572 doloribus,
1481 3511 1546 3584 per
1579 3482 1761 3554 dimidiam
1792 3481 1918 3554 horam
1948 3482 2107 3582 placidae
2142 3486 2252 3582 quieti
2282 3486 2436 3560 indulsit.
2503 3515 2507 3523 ·

419 3586 512 3654 Tum
539 3584 801 3684 expergefactus
826 3607 861 3658 ct
887 3513 1002 3660 redire
1028 3586 1170 3658 dolores
1197 3585 1317 3656 dicens
1344 3585 1493 3682 rogavit,
1536 3603 1577 3652 ut
1608 3583 1724 3682 ipsum
1757 3581 1918 3652 adiuvare
1951 3581 2137 3668 vellemus,
2181 3609 2254 3682 quo
2286 3585 2437 3657 inlatus

418 3683 626 3752 accumbere
659 3703 788 3780 posset.
842 3690 935 3757 llaec
968 3704 1146 3783 postrema
1179 3683 1253 3754 eius
1287 3710 1356 3755 vox
1390 3683 1464 3752 l'uit.
1524 3687 1611 3750 Nam
1641 3706 1752 3778 quum
1786 3706 1822 3750 se
1866 3680 2095 3752 convertisset
2131 3684 2248 3754 statim
2287 3679 2438 3754 animam

418 3779 553 3850 efflavit.
605 3777 745 3852 Placide
773 3781 945 3878 quiescas,
973 3781 1146 3854 carissime
1174 3782 1295 3866 frater,
1322 3781 1495 3880 nobisque
1520 3779 1604 3878 ipsis
1629 3777 1672 3848 iis
1699 3779 1800 3847 rebus
1827 3803 1915 3874 quae
1942 3777 2175 3852 consolationi
2198 3806 2271 3852 esse
2289 3804 2437 3880 possunt

415 3900 490 3948 non
516 3875 668 3948 sinamus
702 3881 819 3976 augeri
853 3879 1033 3965 dolorem,
1076 3880 1149 3954 irno
1183 3901 1277 3977 grata
1311 3899 1429 3949 mente
1463 3878 1659 3948 recolamus
1690 3874 1877 3946 nobiscum
1910 3903 2029 3946 earum
2059 3903 2177 3948 rerum
2211 3879 2435 3966 memoriam,

417 4001 508 4067 quae
533 3974 612 4044 Tibi
648 3975 719 4046 lroc
754 3977 923 4064 triennio,
966 4006 1040 4076 quo
1073 3979 1194 4050 Turici
1227 3979 1508 4060 commorabare‚
1552 3973 1632 4044 satis
1664 3999 1836 4076 prospere
1870 3996 2060 4054 cesserunt.
2127 3979 2243 4067 Quam
2273 3975 2437 4048 ardenter

418 4088 599 4166 optaveras
625 4089 709 4168 post
734 4070 925 4144 discessum
951 4101 994 4146 ex
1019 4076 1219 4156 dulcissima
1244 4075 1368 4174 patria,
1395 4095 1434 4144 ut
1460 4100 1533 4145 non
1561 4093 1660 4144 tanto
1685 4071 1799 4174 spatio
1826 4071 1991 4144 disiuncti
2017 4099 2187 4164 essemus3
2224 4099 2331 4170 quam
2357 4075 2433 4146 Tibi

415 4165 483 4266 ipsi
510 4165 700 4264 insperanti
727 4168 875 4256 accidit,
907 4173 1005 4268 quod
1033 4195 1181 4244 matrem
1207 4173 1432 4272 reliquosque
1458 4170 1736 4268 consanguineos
1761 4170 1870 4240 semel
1895 4170 2011 4240 adhuc
2037 4169 2218 4268 adspicere
2243 4171 2323 4246 Tibi
2349 4199 2435 4244 con-

415 4290 553 4336 cessum
580 4284 668 4334 esset
676 4295 685 4354 ;
722 4293 827 4362 quam
855 4269 963 4340 multa
988 4273 1069 4344 Tibi
1093 4268 1247 4342 iucunda
1274 4291 1466 4341 evenerunt
1492 4297 1533 4342 ex
1560 4267 1755 4340 amicorum
1782 4267 2065 4340 dulcissimorum
2091 4268 2365 4352 cousuetudine,
2392 4295 2435 4339 ex

415 4361 673 4460 discipulorum
702 4385 736 4434 et
761 4365 1007 4440 Turicensium
1040 4371 1178 4440 amore!
1231 4373 1338 4439 Grata
1371 4369 1476 4442 etiarn
1509 4387 1626 4440 mente
1653 4365 1880 4466 accipiamus,
1915 4363 2011 4464 quod
2034 4385 2105 4434 tam
2131 4365 2224 4436 facili
2249 4386 2364 4438 morte
2391 4393 2433 4438 ex

413 4458 520 4532 huius
545 4459 635 4530 vitae
662 4463 838 4534 aerumnis
866 4464 1031 4538 liberatus
1057 4494 1112 4552 es,
1143 4488 1179 4538 et
1204 4465 1302 4578 quod
1328 4469 1447 4552 nobis,
1473 4463 1664 4538 valetudini
1689 4467 1785 4535 Tuae
1811 4461 2065 4548 adsidentibus,
2092 4461 2232 4560 pietatis
2257 4483 2292 4534 et
2319 4483 2433 4538 terrer-

414 4557 494 4628 rimi
520 4560 648 4630 amoris
673 4561 742 4632 Tui
768 4583 946 4666 postrema
972 4563 1186 4640 documenta
1211 4565 1396 4637 includere
1419 4565 1595 4636 mentibus
1619 4562 1746 4636 nostris
1773 4559 1928 4656 contigit.

2045 4957 2279 5038 Frater.
