5240 6318
396 521 427 581 1.
1226 509 1592 576 PROLEGOMENA

495 693 578 766 Alio
610 693 756 765 fortune
789 693 952 790 tempore
985 688 1030 760 de
1062 686 1164 760 omni
1194 686 1291 788 apud
1322 687 1433 760 medii
1463 687 1540 760 aevi
1574 687 1769 760 monachos
1798 685 1943 761 cothoes'
1972 685 2140 774 amandi
2164 687 2421 764 consuetudine

396 842 537 915 usuque
561 815 667 916 plura
691 817 878 916 exponam.
931 816 1011 884 Hoc
1034 811 1119 882 loco
1144 835 1258 883 unum
1282 810 1423 894 addam,
1449 810 1706 884 coenobiorum
1721 811 1936 910 praefectos,
1963 809 2185 910 omninoque
2200 809 2322 885 aetatis
2336 836 2422 909 pro-

395 937 563 1012 vectioris
593 955 632 1008 et
662 935 872 1008 eruditionis
903 934 1115 1033 conspicuae
1146 933 1310 1006 homines
1344 933 1516 1006 rarissime
1549 931 1621 1002 suis
1645 930 1804 1004 ma'nibus
1827 931 1938 1003 libros
1963 955 2139 1020 amasse,
2173 933 2230 1008 vel
2254 949 2346 1006 snos‘
2362 931 2420 1005 vel

396 1059 566 1145 aliorum,
604 1055 667 1128 sed
699 1056 868 1131 dictando
896 1055 1085 1158 patravisse
1101 1054 1148 1154 ³³)
1206 1055 1342 1126 Scribas
1366 1055 1482 1154 reperi
1507 1054 1695 1128 serioribus
1719 1053 1940 1152 temporibus
1964 1054 2099 1153 ubique
2124 1055 2167 1127 ad
2192 1055 2266 1130 hoc
2290 1081 2420 1128 munus

395 1179 577 1254 institutos
600 1179 765 1252 homines'
772 1213 783 1271 3
808 1181 926 1254 Caroli
950 1178 1067 1276 magni
1092 1199 1128 1250 et
1153 1204 1242 1276 quae
1266 1177 1429 1277 proxime
1454 1180 1689 1274 sequebantur
1712 1175 1931 1275 temporibus
1954 1177 2168 1276 plerumque
2193 1176 2297 1277 pueri
2320 1176 2421 1247 adul-

396 1302 506 1374 tiores
530 1302 668 1373 inistis
693 1303 861 1401 operibus
885 1302 1117 1374 elaborabant.
1180 1299 1288 1393 Quod
1315 1299 1392 1372 fieri
1417 1325 1479 1371 rex
1501 1299 1578 1398 ipse
1602 1297 1728 1372 noluit
1779 1299 1830 1370 Cs.
1861 1296 2098 1374 Themessata·
2118 1299 2142 1372 l
2168 1325 2200 1372 c.
2225 1315 2305 1398 pag.
2330 1298 2415 1387 460.

397 1420 587 1497 Leunoirts
612 1421 656 1496 de
682 1423 808 1496 scholl.
835 1445 901 1497 etc.
926 1450 1005 1524 pag.
1031 1423 1070 1506 8,
1096 1421 1130 1494 9.

1333 1602 1367 1700 §.
1400 1601 1482 1692 124.

505 1745 643 1824 Restat,
669 1759 710 1810 ut
734 1738 779 1808 de
805 1736 1017 1810 carminibus
1042 1737 1183 1834 loquar,
1208 1737 1247 1806 in
1272 1735 1406 1810 codicis
1431 1738 1526 1810 calce
1552 1736 1752 1820 collocatis,
1777 1762 1820 1808 ex
1837 1735 1964 1836 quibus
1983 1734 2135 1808 rationes
2152 1733 2316 1808 adversae
2333 1733 2417 1806 duci

396 1883 500 1958 posse
526 1859 720 1932 videantur.
771 1863 823 1930 Ac
837 1859 995 1958 primum
1012 1859 1157 1955 quidem
1173 1860 1230 1931 vel
1247 1885 1375 1931 coecus
1388 1860 1501 1946 videt,
1536 1862 1578 1930 ab
1594 1859 1660 1932 alia
1676 1883 1784 1928 mauu
1799 1877 1952 1954 quatuor
1966 1857 2105 1958 priores
2122 1884 2242 1931 versus
2260 1879 2416 1930 exaratos

397 2007 491 2067 esse,
534 1983 577 2052 ab
609 1980 676 2051 alia
708 1980 911 2054 octodecim
943 1981 1168 2079 posteriores.
1217 1983 1285 2053 Sed
1319 2004 1354 2054 et
1387 2004 1592 2082 argumento
1613 1982 1891 2079 distinguuntur.
1943 1983 2107 2074 Quntuor
2129 1981 2268 2081 priores
2293 2005 2411 2051 versus

396 2103 439 2172 ab
464 2101 594 2174 eodem
618 2101 764 2174 homine
790 2103 912 2202 scripti
938 2095 1125 2203 sunt,'qui
1150 2097 1321 2178 Ioannem
1345 2106 1474 2192 finivit,
1501 2107 1564 2205 qui
1588 2128 1660 2178 tam
1684 2105 1752 2177 hos
1775 2129 1896 2176 versus
1921 2130 2029 2200 quam
2053 2103 2190 2201 reliqua
2205 2130 2296 2201 quae
2312 2129 2415 2202 prae·

397 2220 545 2308 cedunt,
584 2222 676 2295 inter
708 2223 916 2298 dictandum
948 2227 1082 2299 calamo
1116 2213 1292 2325 excepisse
1324 2227 1473 2300 videtur.
1532 2227 1624 2299 Ludi
1650 2227 1811 2325 magister
1835 2251 1955 2298 versus
1979 2227 2076 2325 ipsos
2101 2227 2295 2328 pepigerit,
2340 2252 2414 2299 non

396 2369 523 2441 parum
547 2371 610 2417 sua
633 2346 772 2443 linguae
797 2353 953 2420 Graecae
977 2349 1103 2422 notitia
1126 2350 1289 2449 glorians.

1332 2557 1367 2658 ς.
1396 2501 1492 2625 125.’

492 2685 598 2756 Plane
624 2685 712 2756 alius
736 2689 872 2783 generis
898 2714 1039 2760 carmen
1064 2689 1240 2788 posterius
1266 2710 1330 2768 est.
1380 2691 1528 2762 Animus
1552 2690 1752 2788 scriptoris,
1778 2717 1797 2761 a
1822 2690 1972 2761 vanitate
1998 2689 2126 2760 artium
2150 2686 2256 2758 huius
2281 2689 2414 2760 saeculi

394 2827 552 2880 remotus
584 2807 778 2906 pietatique
813 2809 968 2896 deditus,
1015 2831 1155 2884 aeterna
1194 2813 1400 2899 meditatur,
1443 2832 1478 2884 et
1501 2816 1601 2883 beata
1634 2815 1713 2880 Iesu
1740 2808 1870 2881 Christi
1895 2811 2083 2883 consortia.
2148 2810 2184 2881 si
2210 2811 2414 2882 coniectura

394 2929 448 2999 uti
471 2929 570 3016 licet,
595 2955 658 3002 sua
681 2936 885 3004 Hartmottts
910 2935 1012 3004 abbas
1037 2959 1145 3006 manu
1170 2961 1311 3006 carmen
1334 2935 1511 3036 posterius
1536 2931 1707 3031 adpinxit,
1743 2933 1882 3030 reliquo
1906 2933 1998 3006 libro
2023 2958 2090 3030 per
2114 2933 2281 3005 coenobii
2305 2932 2414 3030 magi-

393 3071 485 3122 stros
517 3049 688 3124 dictantes
722 3076 757 3125 et
789 3053 1019 3127 scholasticos
1052 3057 1226 3133 absoluto.
1277 3062 1329 3127 Ita
1362 3057 1467 3126 etiam
1500 3055 1645 3127 varietas
1677 3055 1869 3154 scripturae
1895 3055 2075 3126 universae
2101 3057 2317 3154 explanatur.
2369 3061 2412 3126 In

392 3173 510 3244 Sancti
541 3173 636 3246 enim
671 3175 765 3246 Galli
798 3177 975 3251 coenobio
1007 3174 1076 3250 iam
1112 3179 1278 3256 Gozberti
1303 3165 1537 3284 priorumque
1567 3181 1731 3248 abbatum
1765 3178 1983 3277 temporibus
2016 3178 2082 3273 (Cs.
2116 3177 2281 3277 liutpert.
2315 3177 2411 3277 apud

396 3293 562 3369 Goldast.
588 3323 666 3396 pag.
686 3295 743 3371 25.
769 3299 911 3399 Ildeph.
938 3303 984 3373 ab
1008 3303 1100 3374 Arx.
1124 3301 1165 3372 in
1188 3300 1301 3374 Perta.
1327 3327 1487 3372 monum.
1503 3304 1624 3370 Germ.
1642 3299 1766 3371 histor.
1792 3301 1869 3373 Vol.
1889 3301 1921 3371 2.
1947 3326 2026 3398 pag.
2045 3302 2092 3391 l.)
2117 3300 2270 3372 multum
2283 3324 2411 3397 operae

393 3415 618 3516 multumque
644 3420 784 3494 sudoris
808 3424 847 3496 in
869 3424 974 3522 libris,
992 3425 1201 3526 apparandis
1226 3425 1427 3525 impensum
1450 3423 1571 3494 firerat.

1328 3629 1363 3728 §-
1395 3625 1476 3698 126.

491 3757 634 3831 Volebat
661 3760 723 3832 illa
748 3783 859 3834 aetate
885 3763 1032 3864 scriptio
1058 3789 1154 3836 mere
1179 3763 1336 3848 Scotica,
1363 3788 1453 3859 quae
1478 3760 1579 3831 litera
1603 3759 1745 3856 antiqua
1760 3785 1835 3832 non
1849 3787 1924 3833 uno
1939 3762 2023 3835 loco
2039 3762 2251 3836 nominatur.
2304 3762 2415 3834 Adul-

390 3881 491 3953 tioris
516 3883 636 3956 aetatis
660 3884 826 3958 homines
852 3913 965 3960 novos
998 3887 1180 3958 literarum
1205 3887 1333 3957 ductus
1357 3885 1452 3956 haud
1488 3884 1588 3958 facile
1614 3883 1810 3955 addiscunt.
1861 3892 1984 3981 ltaque
2010 3885 2115 3956 etiam
2139 3905 2223 3984 post
2248 3882 2411 3956 emenda·

389 4005 602 4089 tam·Caroli
629 4009 746 4108 magni
770 4009 902 4081 studiis
927 4010 1104 4081 scribendi
1128 4030 1254 4098 artem,
1280 4009 1524 4082 deficientibus
1550 4007 1721 4106 magistris
1746 4006 1890 4104 antiqua
1915 4009 2004 4080 ratio
2029 4007 2252 4078 retinebatur.
2302 4003 2412 4100 Magi·

387 4128 463 4207 stri,
489 4151 662 4224 quantum
686 4133 870 4219 valebant,
897 4132 966 4231 ipsi
992 4132 1225 4204 emendabant
1250 4132 1445 4232 discipulos
1471 4133 1578 4202 etita
1602 4152 1682 4203 nata
1707 4151 1759 4202 est
1784 4157 1824 4202 ea
1849 4131 2022 4232 scriptura
2046 4132 2187 4217 Latina,
2213 4156 2320 4228 quam
2345 4153 2410 4227 per

387 4267 503 4322 totum
528 4271 690 4324 nostrum
714 4253 848 4326 librum
874 4255 1086 4354 reperimus,
1128 4255 1448 4353 Anglosaxonicum
1481 4253 1718 4328 characterem
1749 4253 1905 4328 dilucide
1939 4255 2151 4356 exprimens,
2195 4253 2258 4325 sed
2292 4273 2408 4322 tamen

392 4485 805 4508 —-—————

470 4656 502 4728 ὓ)
542 4655 618 4716 Non
646 4677 697 4718 rue
724 4657 811 4742 sugit
838 4663 928 4740 quod
954 4662 995 4722 ad
1021 4658 1148 4736 singula
1171 4660 1316 4740 exempla
1337 4673 1534 4740 provocant,
1565 4661 1622 4745 qui
1643 4663 1839 4726 contrarium
1862 4670 1980 4729 docere
2000 4655 2144 4739 cupiunt.
2186 4657 2252 4719 Sed
2272 4655 2405 4718 frustra.

543 4748 631 4826 Quid
658 4749 740 4814 euim
772 4755 881 4815 Ποσει
908 4753 1040 4816 Alcuini
1068 4753 1235 4835 epistolam
1257 4754 1450 4828 attexatur,
1481 4755 1570 4817 cuius
1591 4755 1623 4819 in
1644 4756 1736 4822 libris
1757 4756 1975 4839 exeruplandis
1994 4751 2182 4816 industriam
2203 4753 2406 4814 commenda-

542 4851 633 4906 turus
662 4844 791 4908 rerbis:
824 4851 964 4918 „desunt
996 4847 1072 4912 mihi
1098 4847 1312 4910 scholasticae
1333 4848 1523 4913 eruditionis
1548 4851 1666 4927 libelli,
1688 4875 1770 4937 quos
1792 4849 1887 4914 lrabui
1908 4851 1941 4912 in
1961 4847 2066 4931 patria
2085 4867 2146 4930 per
2166 4848 2283 4908 bonaur
2305 4846 2406 4930 magi-

541 4935 602 4996 stri
622 4935 683 4997 urei
704 4937 906 5013 iudustriam,
935 4955 970 5004 ut
996 4943 1089 5006 etiam
1120 4943 1181 5005 rnei
1209 4943 1464 5028 qualemcunque
1490 4948 1690 5010 sudorem:“
1729 4948 1833 5011 libros
1854 4966 1938 5027 quos
1965 4941 2089 5006 iuvenis
2119 4939 2285 5022 scripserit
2304 4939 2406 5023 signi·

543 5031 630 5092 licat.
674 5033 797 5118 Nemo,
819 5056 960 5116 quaeso,
986 5039 1111 5110 credat,
1133 5036 1188 5100 ubi
1211 5039 1342 5100 verbum
1363 5042 1482 5100 moero
1502 5054 1690 5120 usurpatur,
1711 5045 1750 5104 de
1771 5061 1863 5103 manu
1884 5037 2062 5120 scriptione
2075 5039 2140 5100 hoc
2152 5034 2405 5120 intelligendum.

541 5123 733 5204 Saepissime
755 5132 793 5190 de
813 5131 985 5209 pangendo
1007 5129 1059 5192 vel
1080 5130 1232 5194 dictando
1253 5133 1436 5198 adhibetur.
1486 5137 1531 5198 lta
1553 5135 1738 5196 Elskelurdss
1758 5137 1830 5218 (ap.
1853 5133 1982 5196 Goldcst.
2003 5154 2038 5214 p.
2060 5131 2129 5207 to.)
2148 5129 2404 5208 mumditiam
2492 5203 2497 5215 Ι

539 5236 680 5298 utcmque
698 5223 837 5300 artificem
859 5235 1031 5294 mentor-att
1061 5235 1093 5285 et
1115 5223 1209 5287 mtrlta
1232 5223 1359 5290 similia.
