5240 6318
424 466 485 532 DE
509 465 648 530 NOTIS
669 463 992 530 Mattttsctttrnt
1014 465 1367 532 SANGALLENSlS
1388 469 1759 538 MARGINALIBUS.
1802 473 1908 540 CAP.
1932 477 1996 542 Vl.
2077 479 2221 546 XXXV

213 677 220 684 ·
300 645 405 716 verba
429 643 473 716 ad
500 670 577 716 enm
601 661 715 716 textus
739 641 869 714 lineam
894 643 1043 727 adiecta,
1067 644 1105 716 in
1131 671 1201 744 qua
1224 645 1368 744 legiturr
1393 673 1433 718 ro
1452 639 1581 738 ιινιιιμα
1601 678 1660 736 της
1681 657 1850 738 cludetur
1870 682 1890 726 o
1908 683 2003 750 napa
2017 669 2076 731 roo
2092 687 2223 755 carpor

223 757 226 764 ¹
302 797 520 862 ιιιπορευιτιιι.
578 764 818 838 Delendebant
853 765 1003 840 Romani
1037 766 1315 840 additamentum
1347 768 1385 842 io
1410 774 1574 872 symbolo
1591 774 1752 876 filioque.
1803 783 1927 877 Itaque
1952 801 2066 882 patet,
2112 783 2150 858 in
2176 811 2221 860 eo

296 888 532 977 monasterio,
571 888 608 958 in
642 913 716 985 quo
748 887 837 961 haec
865 889 979 986 glossa
1012 889 1159 988 margini
1193 890 1327 964 codicis
1360 894 1474 968 nostri
1498 896 1618 968 addita
1642 915 1710 980 est,
1746 896 1909 973 homines
1934 927 2010 978 non
2034 905 2220 995 metuisse,

298 1008 461 1082 adrem
493 1015 669 1081 Romanae
702 1010 794 1082 sedis
827 1011 1071 1084 anctoritatem
1104 1037 1147 1084 ex
1178 1013 1276 1086 libris
1307 1014 1412 1086 sacris
1440 1015 1479 1092 in
1511 1017 1576 1110 lite
1606 1043 1672 1120 per
1704 1020 1836 1093 multos
1861 1049 1973 1098 annos
1999 1027 2126 1100 acriter
2152 1047 2220 1114 tra·

299 1149 393 1204 mata
417 1131 481 1204 illo
506 1149 667 1232 tempore
693 1133 891 1209 testimonia
913 1135 1044 1208 afferre„
1093 1135 1208 1208 Serius
1235 1135 1280 1208 ad
1304 1135 1402 1212 hunc
1426 1139 1549 1212 locum
1573 1139 1611 1214 in
1636 1141 1702 1214 alia
1727 1146 1947 1246 paragrapho
1973 1148 2175 1222 redibimus.

198 1393 311 1476 NO'T',
362 1395 440 1488 Pag.
467 1389 552 1463 381.
679 1449 683 1456 .
757 1365 761 1372 Ι
1141 1296 1175 1396 §
1203 1300 1263 1372 87·

392 1511 653 1614 Aliquantisper
677 1514 864 1600 haesitavi,
887 1533 1010 1586 utrum
1026 1521 1132 1590 Mol
1153 1541 1197 1587 an
1219 1524 1329 1592 MOT
1347 1543 1391 1589 an
1410 1523 1515 1594 NOT
1535 1517 1623 1592 haec
1641 1520 1764 1592 notula
1787 1521 1935 1620 legenda
1957 1522 2010 1595 sit.
2062 1529 2219 1620 Namque

296 1636 369 1708 eius
395 1637 527 1709 formae
552 1667 612 1712 rou
632 1644 677 1712 Μ
692 1637 920 1724 recordabar,
946 1663 1035 1737 quae
1060 1638 1241 1712 literarum
1268 1639 1455 1712 initialium
1478 1640 1517 1712 in
1542 1667 1631 1715 voce
1662 1653 1854 1729 Μαιθαιος
1879 1643 1916 1715 in
1941 1663 2064 1718 nostro
2092 1644 2218 1717 codice

302 1761 363 1832 est.
415 1759 537 1831 Statim
562 1779 679 1832 autem
704 1756 741 1830 in
767 1780 924 1831 mentem
949 1757 1037 1832 milri
1061 1760 1214 1846 redibat,
1249 1758 1342 1834 hanc
1366 1794 1426 1836 του
1445 1771 1486 1837 Μ
1505 1752 1655 1835 sormam
1680 1790 1855 1861 nusquam
1879 1765 1917 1836 in
1941 1766 2054 1837 nostri
2080 1763 2219 1838 codicis

299 1881 454 1979 margine
479 1901 627 1970 exstare,
662 1878 856 1953 etidcirco
882 1875 988 1954 Nffi'
1006 1882 1077 1980 legi
1102 1883 1241 1960 debere.
1290 1883 1396 1956 Aliud
1423 1909 1557 1957 nomen
1581 1911 1655 1957 non
1681 1884 1815 1986 reperi,
1855 1886 1952 1984 quod
1978 1885 2050 1962 hoc
2075 1885 2217 1958 initium

294 2003 487 2102 significare
513 2024 651 2108 posset,
678 2030 785 2101 quam
809 1999 948 2078 Notlcr
961 2003 1017 2076 vel
1032 2003 1185 2102 Notger,
1211 2005 1311 2080 cuius
1327 2004 1482 2078 nominis
1500 2007 1657 2105 quinque
1670 2006 1737 2080 viri
1751 2007 1987 2104 sangallenses
2006 2007 2216 2078 claruerunt.

299 2127 364 2198 Vix
391 2127 462 2198 dici
486 2125 635 2226 poterit,
672 2125 750 2222 quis
782 2124 818 2197 h.
853 2125 878 2206 1,
914 2124 1125 2223 significatus
1157 2127 1212 2201 sit.
1261 2133 1420 2226 Namque
1445 2154 1511 2228 per
1537 2149 1650 2202 totam
1675 2128 1919 2226 antiquitatem
1944 2127 2144 2227 saepissime
2170 2127 2218 2199 ita

296 2270 575 2336 commutantur,
610 2268 650 2320 ut
677 2246 828 2319 discerni
853 2249 924 2320 lere
949 2269 1137 2346 nequeant.
1187 2253 1228 2322 Id
1255 2278 1367 2322 unum
1392 2251 1480 2322 mihi
1506 2271 1643 2324 certum
1668 2269 1738 2336 est,
1773 2249 1954 2321 undecimi
1979 2246 2108 2318 saeculi
2132 2252 2220 2317 Not-

294 2395 495 2468 geros.non
520 2395 593 2441 esse
619 2370 850 2467 significatos,
891 2369 972 2468 quia
1003 2372 1041 2442 in
1073 2372 1145 2445 hoc
1176 2374 1318 2446 saeculo
1344 2374 1429 2446 tales
1454 2379 1670 2446 Graecarum
1694 2371 1875 2444 literarum
1901 2370 2117 2443 characteres
2142 2393 2215 2441 non

296 2494 448 2594 amplius
482 2493 720 2594 reperiuntur,
764 2494 883 2590 quales
915 2492 953 2564 iu
986 2494 1100 2565 nostri
1136 2494 1290 2594 margine
1325 2515 1469 2568 exstant.
1542 2499 1665 2592 Itaque
1695 2495 1738 2564 ad
1771 2491 1968 2589 Notgerum
2003 2491 2217 2574 Balbum,

298 2614 584 2714 Piperrlrgrannm
620 2638 657 2688 et
687 2616 886 2713 ept'scopum
911 2614 1174 2700 hodiernum,
1219 2639 1289 2688 tres
1309 2621 1344 2694 S.
1369 2617 1461 2688 Galli
1488 2618 1667 2703 alumnos,
1707 2614 1862 2689 revocati
1887 2641 2018 2686 sumus.
2069 2610 2220 2706 Notgert'

294 2735 535 2834 Ilpertlsgront'
568 2733 666 2810 nullu
697 2757 831 2808 exstam
866 2759 1105 2810 monumenta.
1164 2743 1235 2810 Aut
1265 2738 1371 2834 igitur
1399 2738 1561 2810 balbulus
1595 2738 1810 2835 significatur
1834 2740 1871 2835 (†
1891 2737 1979 2836 912)
2002 2755 2062 2808 aut
2088 2732 2219 2808 Leodi·

296 2859 408 2930 censis
440 2861 477 2954 (†
497 2861 618 2956 1007).
675 2857 802 2928 Omnia
821 2857 1004 2953 utriusque
1024 2883 1152 2956 opera,
1181 2884 1271 2954 quae
1295 2859 1412 2931 adhuc
1438 2880 1588 2942 exstant,
1625 2879 1661 2930 et
1683 2884 1772 2956 quae
1790 2859 1852 2930 hic
1872 2860 1910 2929 in
1931 2883 2076 2930 censum
2098 2853 2217 2926 venire

293 3006 397 3082 posse
433 2973 634 3063 videantur,
672 2978 823 3076 perlegi,
863 3003 979 3074 neque
1010 2977 1200 3076 quicquam
1233 2980 1350 3078 reperi
1380 2981 1423 3052 ad
1461 2981 1560 3079 quod
1598 2982 1828 3079 glossatorem
1860 2980 2050 3081 respexisse
2080 2995 2215 3076 putem.

297 3106 415 3194 Quare
441 3099 734 3172 verisimillimum
754 3099 842 3172 mihi
866 3099 979 3172 visum
1005 3120 1075 3187 est,
1110 3101 1152 3172 od
1180 3102 1313 3172 balbuli
1338 3103 1554 3200 grammatici
1575 3130 1684 3202 opera
1703 3101 1793 3173 haec
1813 3103 1963 3193 referre3
2010 3097 2216 3199 praesertim

295 3249 407 3322 quum
432 3223 504 3294 lere
534 3222 705 3324 plurimae
731 3221 843 3293 nostri
878 3222 1011 3294 codicis
1038 3244 1144 3296 notae
1172 3223 1376 3321 marginales
1408 3215 1633 3300 scholasticas
1665 3244 1754 3296 artes
1786 3240 1956 3322 spectent.
2009 3224 2060 3291 De
2087 3218 2215 3292 eodem

295 3348 450 3420 Notltero
471 3345 560 3416 infra
582 3345 685 3446 plura
707 3344 879 3416 dicentur.

1139 3487 1173 3589 ς.
1213 3485 1272 3556 ss.

194 3639 274 3718 ΕΜ
317 3641 473 3712 Semel
464 3667 501 3712 ιιι
528 3659 606 3713 ιοιο
640 3640 749 3722 libro,
795 3666 873 3741 pag.
907 3639 989 3712 278.
1046 3638 1103 3710 Ad
1127 3672 1256 3738 ημεραν
1284 3641 1398 3714 resero
1425 3637 1583 3712 eiusdem
1617 3636 1742 3714 haeae.
1795 3635 2087 3732 Quotiescunque
2118 3633 2215 3705 enim

202 3849 204 3858 .
288 3795 397 3860 ημερα
419 3764 680 3847 nominabatur,
717 3763 794 3834 diei
811 3761 960 3834 extremi
984 3759 1108 3831 iudicii
1134 3762 1285 3860 antiquis
1316 3763 1355 3833 in
1379 3782 1535 3834 mentem
1558 3758 1664 3832 venit.

195 3887 315 3962 sedat
367 3884 483 3958 Semel
508 3913 585 3984 pag.
610 3888 692 3960 377.
744 3889 825 3958 Duo
845 3882 983 3958 Sednlii
1002 3882 1101 3954 Scotr'
1119 3883 1178 3955 illa
1204 3903 1313 3957 aetate
1335 3885 1373 3955 in
1401 3883 1603 3956 scholarum
1625 3877 1755 3951 usibus.
1807 3878 1862 3950 bd
1893 3833 2089 3976 presbyteri
2117 3871 2218 3944 Chri-

295 4009 397 4081 stiani
419 4007 620 4106 exemplum
644 4007 792 4079 seriores
810 4021 937 4107 poetae
958 4001 1145 4073 Christiani
1174 4005 1305 4104 stylum
1329 4031 1432 4076 suum
1451 4003 1634 4102 poeticum
1655 4001 1939 4089 conformarunt3
1973 3996 2011 4066 in
2037 3993 2216 4094 plerisque

292 4127 587 4201 bibliothecarum
610 4129 833 4224 antiquarum
854 4124 1071 4221 catalogis
1042 4149 1116 4196 erus
1137 4152 1246 4230 opera
1268 4127 1501 4228 reperiuntur.
1543 4129 1583 4195 In
1605 4120 1838 4194 bibliothecae
1858 4125 1890 4192 S.
1910 4117 2005 4191 Galli
2021 4114 2216 4200 indicibus,

294 4250 434 4324 saeculo
458 4275 555 4322 nono
581 4249 790 4349 comparatis
811 4247 995 4348 aliquoties
1017 4247 1090 4320 eius
1113 4261 1260 4322 metrum
1279 4247 1358 4350 (sic)
1376 4267 1611 4337 memoratur;
1637 4270 1749 4316 unum
1771 4239 1973 4340 exemplum
1995 4236 2216 4334 Sangallense
2304 4333 2307 4338 Ι

292 4375 362 4446 iam
385 4371 507 4445 Turiei
528 4372 683 4444 habetur.
736 4372 898 4475 Inprimis
919 4371 957 4443 in
974 4369 1149 4446 Britannia
1166 4374 1364 4461 colebatur,
1399 4392 1434 4446 et
1457 4391 1552 4450 totos
1574 4383 1693 4442 versus
1718 4363 1813 4467 apud
1836 4362 2074 4461 sangallenses
2097 4384 2141 4428 ex
2166 4381 2211 4429 eo

295 4497 421 4600 reperi.
492 4493 666 4580 Alcur'nns
696 4497 756 4594 (de
783 4495 979 4596 pontificib.
1010 4516 1046 4569 et
1068 4495 1201 4568 Sanctis
1229 4494 1315 4569 eccl.
1334 4497 1398 4566 Eb.
1419 4519 1474 4596 ap.
1504 4489 1605 4568 Gale.
1628 4491 1670 4562 T.
1694 4493 1721 4561 l.
1751 4513 1787 4588 p.
1814 4489 1912 4578 750.)
1937 4485 1986 4555 ita
2010 4477 2142 4554 cecinit
2168 4478 2214 4550 de

294 4620 510 4694 bibliotheca
529 4619 757 4693 Ehoracensi:
1322 4599 1326 4604 ¹

395 4747 495 4837 Quae
522 4741 723 4816 Victorinus
742 4743 913 4844 scripsere
932 4742 1088 4824 Boetius,
1115 4761 1219 4838 atque

394 4865 562 4939 Historici
582 4886 735 4954 veteres,
766 4864 975 4966 Pompeius,
1004 4864 1154 4947 Plinius,
1187 4863 1265 4965 ipse

391 4995 484 5062 Acer
508 4989 732 5074 Aristoteles,
764 4991 887 5094 rhetor
912 5007 1017 5086 atque
1039 4987 1178 5059 Tullius
1201 4985 1342 5084 ingens3

391 5112 488 5207 Quid
516 5139 661 5212 (1¹¹0que
685 5112 862 5210 Sednltitr,
904 5109 960 5186 vel
979 5108 1065 5207 quid
1089 5108 1184 5181 canit
1203 5108 1279 5210 ipse
1300 5113 1472 5182 lureucus
1505 5119 1573 5174 cet.

1682 5225 1702 5288 5
1722 5228 1739 5264 ο
