5240 6318
422 483 494 546 XX
840 499 854 521 r
1235 469 1602 538 PROLEGOMENA

425 664 590 738 illumin
620 655 796 734 Britannia
819 659 991 757 scriptum
1014 678 1098 727 esse.
1150 657 1245 728 Haec
1271 653 1386 728 versio
1411 653 1591 727 interdum
1619 649 1802 753 duplicem
1823 671 1937 726 textus
1963 654 2092 727 Graeci
2122 655 2462 758 interpretationem⁸

425 787 584 871 exhibet,
604 783 644 882 3θ’)
669 781 793 856 eadem
819 778 1042 852 interduma
1072 781 1210 852 Graeco
1234 777 1419 878 discrepat.
1445 777 1507 878 idi)
1557 777 1620 848 Illa
1644 795 1763 849 autem
1795 776 1938 850 audacia
1957 778 2101 852 minime
2119 781 2262 853 ferenda
2285 803 2353 868 est,
2380 809 2450 880 qua

425 909 585 982 librarius
610 911 744 979 Graeca
774 903 953 977 interdurn
978 901 1020 973 ad
1047 901 1170 974 Latina
1196 903 1366 988 correxit,
1402 901 1457 974 vel
1478 900 1598 1001 potius
1626 901 1802 999 corrupit:
1835 901 1944 973 veluti
1964 900 2054 974 Phil.
2083 903 2124 988 1,
2151 902 2209 976 tt.
2233 904 2297 974 ubi
2322 904 2449 1002 legitur

426 1034 524 1111 αξιως
542 1054 587 1096 τω
608 1030 799 1114 ευαγγιλιω,
826 1027 1009 1099 manifesto
1035 1025 1266 1118 soloecismo,
1293 1026 1391 1124 quod
1417 1051 1491 1098 non
1516 1024 1582 1096 nisi
1608 1027 1650 1095 ab
1675 1022 1851 1123 imperitia
1868 1023 2000 1096 librarii
2020 1023 2198 1126 proficisci
2223 1027 2358 1126 potuit,
2384 1028 2448 1124 qui

425 1161 559 1228 Graeca
584 1154 754 1251 refingere
781 1152 893 1226 voluit
919 1150 962 1224 ad
989 1149 1120 1221 Latina.
1138 1167 1154 1199 ²¹

1375 1330 1407 1424 s.
1449 1325 1507 1397 50.

528 1483 775 1587 Hoffmumms
804 1481 888 1570 iffi
923 1483 986 1553 ita:
1021 1483 1074 1553 Ex
1102 1479 1320 1559 bibliotheca
1350 1477 1450 1552 Petri
1476 1479 1630 1566 Franci,
1660 1482 1806 1553 Profess.
1839 1480 2033 1553 Amstelod.
2063 1506 2191 1579 magno
2214 1478 2335 1580 pretio
2362 1477 2446 1547 emit

426 1608 589 1680 codicem
615 1607 696 1678 satis
722 1605 907 1704 antiquum
931 1603 1137 1703 Magnificus
1163 1625 1267 1701 atque
1293 1608 1434 1676 Summe
1459 1603 1672 1676 Venerabilis
1691 1607 1732 1676 D.
1764 1601 1846 1679 chr.
1872 1603 1973 1678 Frid.
1998 1603 2209 1687 Boernerus,
2241 1588 2448 1695 Theologus

426 1733 616 1830 Lipsiensis
640 1730 844 1829 primarius,
870 1729 924 1800 vir
947 1754 1013 1828 per
1041 1754 1185 1800 omnem
1207 1727 1384 1799 literatum
1406 1730 1528 1800 orbem
1553 1727 1819 1814 celeberrimus,
1852 1727 2127 1811 laudatissimus,
2152 1729 2323 1796 Patronus
2346 1747 2445 1792 meus

424 1879 651 1954 summopere
689 1853 871 1926 colendus.
926 1850 1117 1923 Pretiosam
1148 1849 1421 1936 bibliothecam,
1461 1851 1644 1922 rarissimis
1673 1853 1777 1922 rebus
1805 1849 2034 1936 instructam,
2075 1847 2284 1948 optimoque
2319 1845 2444 1917 ordine

429 1977 634 2075 dispositam
657 1976 817 2076 possidet
842 1975 895 2046 vir
918 2001 1094 2061 summus,
1129 2000 1277 2072 eamque
1296 1973 1420 2047 codice
1447 1975 1611 2074 antiquo,
1646 2000 1752 2071 quem
1773 1999 1870 2044 nunc
1893 1973 2105 2056 describam,
2137 1969 2271 2068 egregie
2297 1968 2443 2040 ornavit.

425 2099 546 2169 Codex
568 2119 620 2169 est
642 2102 946 2182 membranaceus,
972 2099 1085 2170 somna
1105 2118 1227 2194 quarta
1248 2097 1387 2184 maiori,
1415 2098 1600 2170 continens
1618 2096 1790 2168 tredecim
1811 2097 1975 2198 epistolas
1993 2099 2025 2167 S.
2045 2093 2159 2180 Pauli,
2185 2092 2333 2192 epistola
2348 2091 2446 2163 euim

426 2221 468 2288 ad
498 2225 674 2293 Hebraeos
705 2220 785 2294 data
809 2222 846 2290 in
878 2245 922 2291 eo
949 2219 1176 2292 desideratur.
1218 2221 1375 2320 Scriptus
1402 2243 1454 2293 est
1483 2220 1593 2294 literis
1619 2221 1841 2308 maiusculis,
1867 2221 1928 2292 sed
1953 2219 2113 2320 paullum
2136 2215 2315 2290 rotundis:
2350 2233 2448 2285 caret

426 2339 628 2412 accentibus
646 2363 681 2414 et
697 2341 893 2440 spiritibus,
921 2368 1026 2415 voces
1042 2363 1159 2415 autem
1176 2345 1364 2443 pleraeque
1382 2344 1567 2418 intervallo
1584 2343 1704 2441 aliquo
1721 2364 1897 2442 separatae
1913 2364 2007 2426 sunt,
2029 2345 2160 2440 absque
2176 2337 2445 2412 distinctionum

424 2465 537 2548 notis,
564 2464 631 2534 nisi
656 2467 755 2561 quod
782 2464 974 2537 hincinde
1000 2488 1085 2548 μεση
1107 2491 1205 2550 ςιγμη
1232 2471 1453 2552 observetur,
1485 2493 1574 2564 quae
1600 2487 1717 2538 tamen
1742 2466 1906 2567 nuspiam
1926 2468 2033 2537 aeta,
2058 2462 2120 2534 sed
2147 2487 2252 2535 voces
2279 2479 2314 2532 α
2339 2459 2444 2529 verba

425 2585 616 2680 distinguit.
668 2587 772 2658 Unde
803 2614 913 2661 anuos
947 2590 1168 2687 octingentos
1202 2590 1342 2662 circiter
1374 2617 1457 2688 prae
1491 2607 1527 2662 se
1561 2591 1651 2663 ferre
1683 2588 1833 2661 videtur.
1887 2586 2059 2685 Congruit
2090 2587 2161 2658 sere
2194 2583 2326 2691 ubique
2360 2606 2443 2650 cum

423 2708 698 2780 Claromontano
727 2730 762 2780 et
785 2713 1089 2806 sangermanensi,
1125 2713 1300 2809 habetque
1329 2713 1526 2786 versionem
1551 2713 1711 2784 Latinam
1739 2712 2017 2798 interlinearem,
2053 2735 2142 2808 quae
2170 2707 2280 2779 textui
2304 2707 2442 2774 Graeco

425 2831 640 2900 exactissime
675 2831 886 2929 respondet,
921 2834 968 2902 ita
998 2834 1163 2927 quidem,
1196 2858 1237 2906 ut
1265 2836 1409 2931 singilis
1434 2837 1548 2908 verbis
1572 2835 1717 2908 Graecis
1749 2861 1855 2908 voces
1881 2837 2023 2908 Latinae
2050 2829 2298 2905 convenientes
2323 2851 2444 2926 super-

423 2951 572 3047 scriptae
598 2954 676 3022 sint.

1365 3119 1398 3220 §-
1438 3117 1494 3190 51.

508 3249 727 3320 Matthaeus
761 3251 914 3348 denique
948 3256 995 3324 ita
1027 3257 1206 3350 loquitur:
1242 3304 1258 3335 α
1272 3257 1475 3352 Longitudo
1509 3279 1544 3328 et
1579 3257 1730 3329 latitudo
1767 3257 1935 3329 soliorum
1972 3274 2143 3351 quatenus
2178 3251 2306 3349 scripta
2338 3271 2440 3330 sunt,

425 3373 651 3467 cognoscitur
668 3398 710 3443 ex
727 3371 866 3452 duobus
879 3375 1144 3473 speciminibus,
1165 3403 1254 3474 quae
1267 3381 1350 3450 'aere
1362 3405 1529 3479 expressa
1545 3401 1635 3452 sunt.
1654 3381 1697 3478 †)
1742 3381 1887 3452 Materia
1905 3377 2039 3450 codicis
2055 3379 2275 3450 membranae
2291 3396 2372 3446 sunt
2391 3377 2441 3474 (l)

424 3519 498 3564 non
524 3493 602 3565 illae
621 3492 886 3568 candidissimae
904 3525 947 3570 ac
960 3499 1203 3586 tenuissimae,
1229 3528 1315 3599 quas
1340 3502 1378 3572 in
1397 3503 1517 3576 mulm
1536 3502 1718 3575 codicibus
1736 3503 1880 3576 Graecis
1899 3501 2088 3574 admiratus
2104 3526 2197 3578 sum,
2222 3495 2285 3569 sed
2308 3520 2439 3567 crassae

423 3637 459 3686 et
483 3616 687 3688 lutulentae.
739 3618 861 3690 Nullus
890 3621 950 3692 hic
976 3644 1119 3694 ornatus
1144 3629 1299 3696 Graecus
1326 3647 1479 3725 apparet.
1532 3627 1678 3698 Colores
1703 3626 1826 3713 etiam,
1862 3601 1989 3724 quibus
2022 3625 2142 3697 literae
2176 3622 2325 3694 maiores
2358 3638 2440 3688 sunt

421 3737 662 3822 adumbratae,
700 3742 830 3814 similes
855 3767 936 3814 sunt
965 3747 1029 3830 eis,
1065 3748 1127 3842 qui
1156 3748 1545 3846 aNotimbergensibus
1573 3751 1611 3820 in
1640 3750 1782 3822 cistellis
1813 3749 1856 3822 ad
1888 3776 1992 3822 usum
2017 3771 2213 3850 puerorum
2240 3743 2368 3826 tribus,
2402 3740 2440 3810 ni

419 3857 537 3944 fallor,
564 3882 758 3956 quatuorve
785 3851 912 3962 grossis
937 3867 1149 3942 venduntur.
1175 3913 1227 3929 -
1250 3913 1301 3929 -
1325 3873 1395 3971 ††)
1430 3873 1530 3946 Folia
1555 3873 1642 3945 alius
1667 3893 1747 3946 ante
1773 3899 1829 3946 me
1855 3893 2115 3956 numeraverat,
2139 3891 2377 3961 numerosque
2403 3863 2440 3932 in

419 3982 599 4081 principio
616 3984 784 4058 foliorum
801 3988 844 4058 ad
863 3987 1020 4062 dextram
1045 4013 1183 4092 partem
1207 4017 1397 4069 notaverat.
1449 4000 1523 4070 Hos
1543 4021 1711 4070 numeros
1736 3996 1843 4095 igitur
1864 3995 2003 4068 retinui.
2054 3993 2121 4066 Sed
2139 3991 2227 4064 folio
2246 3988 2363 4088 ptimo
2389 4027 2440 4043 -

420 4104 548 4196 legitur
573 4146 623 4159 -
648 4154 712 4184 —‚
738 4109 837 4206 ffl)
863 4114 1001 4200 nescio,
1028 4135 1148 4186 utrum
1172 4122 1214 4188 ab
1237 4120 1395 4192 eiusdem
1422 4119 1573 4205 scribae,
1608 4121 1670 4217 qui
1695 4119 1860 4220 epistolas
1881 4119 2037 4220 scripsit,
2069 4145 2114 4192 an
2138 4119 2182 4188 ab
2207 4114 2294 4186 alius
2321 4137 2437 4182 manu·

422 4223 558 4295 Literae
580 4225 722 4298 Latinae
738 4230 888 4302 maiores
908 4255 1001 4306 certe
1020 4257 1102 4306 sunt
1119 4265 1226 4334 quam
1244 4240 1379 4340 inipso
1397 4242 1499 4314 libro.
1552 4243 1628 4314 Alia
1646 4244 1750 4314 etiam
1769 4267 1884 4342 penna
1903 4268 1987 4314 usus
2003 4261 2072 4327 est,
2098 4237 2250 4323 multum
2266 4232 2436 4308 crassiori.

418 4425 791 4444 m

491 4551 517 4624 ⁷²)
540 4551 698 4629 Exempla
719 4547 836 4616 addere
856 4557 1069 4622 necessarium
1092 4579 1156 4624 non
1179 4563 1267 4632 duxi.

471 4663 519 4732 τῖ’)
541 4659 646 4722 Etiam
668 4661 762 4724 huius
782 4663 831 4726 rei
850 4667 994 4748 exempla
1017 4669 1091 4734 vide
1111 4670 1135 4734 l.
1158 4693 1188 4735 c.

448 4769 515 4842 aa)
538 4765 592 4830 cl.
612 4769 702 4830 Prttr'i
721 4769 989 4841 introductionem
1012 4779 1042 4842 in
1064 4782 1108 4844 N.
1132 4784 1175 4846 Τ.
1197 4789 1250 4848 ed.
1271 4785 1437 4865 Hoffmann.
1464 4785 1556 4868 Lips·
1579 4789 1666 4853 1737·
1688 4810 1763 4870 pag·
1786 4789 1858 4854 383·

461 4879 500 4952 †)
541 4875 702 4958 Equidem
723 4879 826 4944 nostri
847 4897 877 4948 et
898 4887 1109 4956 Boerneriani
1130 4893 1325 4958 altitudinem
1347 4907 1378 4961 et
1400 4893 1595 4962 latitudinem
1615 4897 1762 4979 pluribus
1784 4897 1873 4960 loliis
1893 4896 2015 4960 contuli
2037 4895 2160 4976 (nostri
2177 4895 2252 4964 267.
2274 4893 2344 4957 tta.
2366 4893 2433 4954 269.

535 4973 607 5034 tto.
629 4993 700 5034 eum
721 4975 843 5040 Boern.
866 4977 924 5044 lol.
945 4984 1017 5060 86.)
1038 5001 1069 5050 et
1090 5001 1238 5052 accurate
1259 4990 1433 5056 convenire
1454 4993 1572 5075 reperi.

433 5084 497 5156 ii)
540 5083 661 5146 Tamen
682 5085 861 5151 tenaciores
881 5103 953 5152 sunt
973 5096 1113 5161 colores.
1156 5099 1283 5164 Omissa
1306 5100 1507 5168 involuerum
1528 5114 1687 5185 spectant.
1731 5102 1828 5180 Qtrotl
1848 5101 1880 5165 in
1901 5114 2015 5168 nostro
2036 5113 2229 5166 recenseat.

418 5191 509 5264 †††)
538 5189 659 5255 Omisi:
682 5199 1034 5278 interpretationesque
1053 5205 1204 5270 Matthaei.
1245 5212 1314 5276 Pro
1336 5232 1402 5294 quo
1423 5234 1545 5294 ponere
1566 5211 1762 5294 potuissent:
1784 5231 1898 5276 tannen
1916 5213 2028 5277 Hilott't'
2046 5215 2105 5278 rel.
