5240 6318
833 391 1073 465 EDITIONIS
1096 393 1369 466 coastntttat.
1412 397 1515 466 CAP.
1536 397 1564 465 1.
2169 403 2207 470 V

191 593 296 650 vocet
320 599 461 650 neeesse
486 595 539 648 est
562 575 843 675 Stephanionem
869 579 1025 684 tertiame
1056 580 1085 653 si
1110 577 1335 668 Bentleiauis,
1368 579 1481 654 Feiiii
1500 577 1739 652 oxoniensem
1764 603 1794 653 a.
1824 577 1940 674 1675;
1973 583 2002 654 si
2026 584 2206 686 Anonymi

190 699 385 772 Scholziani
410 743 459 762 -
482 699 603 773 nescio
630 727 747 798 quam
798 706 920 798 Itaque
949 703 1083 801 siquis
1105 705 1273 774 extricare
1295 700 1395 785 uelit,
1428 703 1518 802 quid
1543 701 1747 782 Vaticanus
1773 700 1918 791 habeat,
1952 716 2019 777 tres
2040 706 2206 779 editiones

190 831 223 889 et
240 832 308 891 tres
331 819 534 893 collationes
555 825 710 924 conserat
728 845 857 896 necesse
876 835 934 896 est.
987 829 1033 896 Et
1054 846 1171 897 tamen
1189 823 1286 896 baud
1307 825 1413 925 pauci
1430 824 1503 897 loci
1525 843 1685 910 manent,
1710 824 1748 895 in
1770 825 1899 923 multus
1918 827 2119 901 testimonia
2140 829 2208 900 sibi

191 941 452 1016 contradicunt.
500 949 580 1016 Nou
601 946 709 1016 semel
726 965 844 1018 autem
861 945 1057 1035 observavi,
1084 945 1331 1045 aquibusdam
1346 946 1476 1019 criticis
1497 973 1543 1019 ne
1568 971 1689 1018 curam
1706 947 1850 1044 quidem
1868 945 1991 1018 baberi
2007 947 2208 1042 editionum

191 1061 235 1133 ad
259 1089 345 1159 quas
379 1062 586 1136 collationes
620 1089 702 1140 sunt
734 1069 924 1169 adaptatae.
978 1069 1081 1141 Unde
1105 1067 1200 1141 haud
1226 1093 1305 1142 raro
1332 1065 1394 1156 fit,
1424 1089 1465 1140 ut
1492 1069 1597 1168 plane
1622 1059 1838 1142 contrarium
1851 1068 1934 1141 eius
1959 1069 2058 1166 quod
2082 1096 2205 1144 vetum

191 1205 258 1271 est,
284 1187 444 1260 reserant.
486 1188 523 1260 si
539 1187 670 1262 deinde
688 1217 823 1265 errores
839 1191 896 1264 vel
913 1190 1111 1266 collationis
1126 1189 1254 1291 ipsius,
1277 1190 1333 1265 vel
1349 1189 1529 1278 lectionis,
1540 1191 1607 1264 'vel
1622 1191 1888 1292 typothetarum
1904 1190 2206 1282 adnumeravens3

190 1303 219 1374 si
239 1308 470 1406 reputaveris,
496 1309 594 1406 quod
614 1330 693 1383 ante
713 1312 781 1386 bos
801 1332 954 1410 quatuor
968 1313 1076 1384 ferme
1093 1339 1204 1386 annos
1224 1309 1352 1400 docui,
1371 1313 1471 1414 8)ἰιι
1486 1313 1821 1394 GriesbarlaianoN
1839 1316 1881 1386 T.
1905 1339 1979 1410 esse
1994 1312 2079 1411 plus
2097 1339 2210 1412 quarte

191 1428 296 1498 octies
319 1430 416 1502 mille
439 1459 583 1519 errores,
617 1455 781 1534 respectu
801 1435 1050 1507 tantummodo
1072 1435 1229 1544 quinque
1256 1435 1423 1508 codicum
1446 1436 1647 1528 habito;
1620 1463 1649 1507 st
1673 1429 1896 1533 cogitaveris,
1931 1435 2071 1508 anullo
2090 1433 2207 1506 adhuc

192 1543 317 1620 critico
344 1551 611 1624 Griesbachium
637 1564 789 1664 ἀκριβείᾳ
815 1583 888 1630 esse
914 1578 1134 1657 superatum.
1159 1558 1262 1632 haud
1281 1584 1362 1637 sane
1389 1557 1563 1632 dubitabis
1589 1557 1763 1689 Michaeli
1784 1553 1998 1661 adstipulari.

1148 1697 1182 1796 ς.
1221 1697 1255 1768 o.

290 1817 412 1911 Itaque
434 1815 534 1888 facile
559 1817 734 1906 intellexi,
766 1819 852 1891 sire
874 1818 1071 1892 versatilis
1097 1845 1169 1890 esse
1193 1817 1337 1906 vellem,
1367 1821 1537 1914 integrum
1563 1817 1689 1890 librum
1711 1817 1884 1894 edendum
1907 1849 1985 1894 esse.
2038 1827 2090 1892 Ita
2114 1821 2208 1892 euim

190 1936 439 2010 tautummodo
461 1938 715 2012 dubitationem
735 1939 779 2012 de
800 1941 953 2038 singulis,
966 1967 1072 2039 quam
1089 1941 1238 2013 maxime
1260 1940 1298 2011 in
1316 1943 1419 2013 rebus
1435 1938 1597 2013 humanis
1618 1941 1694 2012 lieri
1713 1966 1817 2042 posse
1837 1941 2013 2028 videatur,
2039 1940 2206 2042 praecidi.

190 2057 285 2126 Dum
308 2051 346 2128 in
369 2084 413 2132 eo
437 2086 549 2144 eram,
574 2083 614 2134 ut
638 2062 768 2134 librum
790 2087 1052 2162 praepararem,
1079 2084 1114 2135 et
1139 2063 1230 2163 typis
1255 2063 1526 2135 describendum
1554 2061 1728 2135 traderem
1755 2105 1798 2120 -
1826 2064 1926 2135 labor
1947 2062 2076 2134 arduus
2102 2082 2208 2158 atque

191 2176 430 2252 molestiarum
456 2181 601 2281 plenus3
633 2184 698 2256 alia
720 2184 774 2256 via
797 2211 902 2282 quam
927 2206 1206 2286 praeoptassem,
1232 2210 1305 2256 non
1324 2188 1482 2284 patebat;
1509 2204 1599 2282 quot
1619 2184 1715 2254 enim
1733 2171 1924 2284 descriptio
1943 2183 1982 2252 in
2002 2209 2079 2254 aere
2100 2181 2210 2255 velia

191 2299 366 2400 lapidibus
383 2325 536 2377 emtores
548 2306 756 2406 reperisset?
772 2349 823 2366 -
840 2307 927 2377 dum
943 2307 1048 2405 igitur
1059 2307 1188 2378 librum
1201 2306 1293 2406 typis
1307 2307 1578 2379 describendum
1592 2305 1804 2404 vulgaribus,
1821 2305 1860 2379 iu
1873 2305 2021 2378 modum
2035 2299 2209 2384 Kaittelii,

191 2427 451 2523 praeparabam,
479 2427 621 2510 accidit,
647 2447 688 2498 ut
706 2428 885 2500 redemtor
899 2429 980 2500 libri
997 2429 1263 2501 honestissimus
1281 2428 1379 2529 prela
1396 2427 1654 2528 lithographica
1670 2428 1736 2499 sibi
1751 2450 1889 2527 pararet
1904 2425 2080 2523 simulque
2099 2444 2209 2495 artem

193 2545 420 2619 transferendi
437 2549 508 2647 (dt
524 2549 648 2623 Kuast
663 2551 724 2624 des
746 2551 1015 2652 Ueberdrueles)
1033 2551 1163 2651 scripta
1178 2552 1217 2622 in
1235 2550 1370 2650 lapides
1387 2551 1592 2622 addisceret.
1646 2550 1768 2622 Statim
1783 2549 1889 2648 igitur
1907 2547 2095 2621 consilium
2111 2545 2210 2646 prius

192 2667 313 2740 abieci.
354 2669 532 2742 Pictorem
546 2694 669 2745 nactus
687 2700 767 2744 sum
783 2673 1058 2772 calligraphum‚
1084 2673 1148 2770 qui
1160 2675 1197 2742 ia
1214 2667 1340 2743 charta
1351 2673 1547 2770 pellucido,
1563 2699 1667 2770 super
1679 2672 1830 2744 codicem
1845 2697 2025 2768 expansa,
2051 2667 2211 2764 singulas

190 2788 322 2874 literas,
347 2790 509 2883 singulas
534 2789 700 2878 lineolae,
715 2793 881 2888 singulos
907 2793 1085 2865 literarum
1110 2793 1226 2891 apices
1253 2795 1511 2864 accuratissime
1530 2793 1768 2890 perscribebat.
1820 2791 1923 2862 Prelo
1947 2786 2208 2886 lithograpbico

189 2910 328 3009 pictura
345 2936 388 2983 ex
404 2910 524 2983 charta
539 2910 578 2981 in
593 2912 728 3012 lapides
743 2901 1011 2984 transferebatur
1024 2934 1060 2985 et
1077 2912 1384 3012 multiplicabatur.
1418 2921 1470 2986 Ita
1488 2913 1622 2986 codicis
1637 2912 1866 3010 Sangallensis
1882 2912 1998 3008 imago
2010 2907 2209 3010 saepissime

191 3052 226 3105 et
253 3033 508 3106 accuratissime
534 3033 684 3132 repetita
708 3055 777 3122 est,
811 3037 863 3128 ita
884 3035 1025 3134 quidem
1049 3047 1088 3107 ut
1113 3034 1216 3108 nulla
1241 3034 1316 3107 alia
1342 3037 1403 3107 aia
1432 3034 1597 3132 nullaque
1623 3033 1699 3105 alia
1727 3046 1802 3104 arte
1824 3035 2020 3106 accuratior
2041 3029 2215 3130 apparari

189 3168 303 3254 queat.
353 3156 426 3250 Qui
456 3156 552 3226 enim
582 3156 717 3228 calaum
748 3183 871 3232 omnes
900 3157 1008 3230 lineas
1041 3177 1120 3228 ante
1150 3156 1259 3256 ipsius
1286 3156 1410 3229 oculos
1441 3155 1574 3256 positas
1603 3152 1705 3252 sequi
1735 3152 1857 3238 debet,
1896 3175 2032 3224 errores
2064 3173 2209 3246 magnos

191 3277 374 3350 admittere
398 3277 544 3350 omniuo
570 3305 641 3349 aon
662 3291 788 3378 potest.
839 3279 982 3352 sivero
1003 3279 1137 3417 vulgari
1160 3277 1216 3352 vel
1240 3291 1312 3352 arte
1334 3277 1593 3376 lithographioa
1613 3275 1670 3350 vel
1692 3275 1863 3347 incisione
1883 3275 1921 3345 in
1945 3271 2060 3345 aeneis
2083 3270 2209 3343 tabulis

157 3455 162 3465 .
189 3400 271 3472 libri
292 3421 517 3501 repetuntur,
544 3425 679 3473 errores
707 3427 817 3500 aeque
840 3401 940 3476 facile
969 3429 1010 3474 ac
1037 3402 1074 3472 iu
1102 3400 1335 3501 typographia
1363 3400 1605 3475 admittuntur.
1655 3398 1812 3472 Primum
1841 3395 1936 3468 euim
1959 3415 2076 3468 totum
2099 3419 2209 3493 opus,

191 3521 318 3594 eodem
346 3541 387 3593 ut
410 3523 449 3594 in
473 3544 595 3595 nostro
625 3525 857 3604 transferendi
882 3523 1057 3610 modo,
1047 3550 1085 3595 m
1113 3523 1233 3599 charta
1261 3522 1439 3622 pellucido
1465 3510 1756 3622 perscribendum
1783 3541 1853 3605 est,
1894 3517 2023 3589 deinde
2054 3542 2210 3588 aversa

190 3642 240 3714 de
260 3640 430 3715 charta
449 3642 532 3716 vel'
523 3669 562 3712 ιιι
582 3670 660 3718 aere
677 3647 763 3718 vel
754 3673 791 3716 ιιι
810 3646 929 3747 lapide
947 3645 1228 3732 inscribendum,
1254 3645 1302 3716 ita
1320 3644 1466 3742 quidem
1488 3665 1529 3717 ut
1551 3644 1705 3742 singulae
1726 3641 1845 3714 literae
1868 3660 1903 3713 et
1922 3617 2077 3734 singulae
2096 3634 2208 3708 lineae

190 3789 372 3864 perversae
387 3766 584 3865 pingantur.
634 3768 723 3862 Quis
739 3790 857 3842 autem
875 3794 950 3840 uon
966 3767 1153 3865 intelligat,
1178 3766 1246 3842 bac
1267 3793 1476 3842 conuersa
1494 3769 1716 3865 scriptura
1734 3762 1816 3836 vitia
1834 3761 1944 3832 multa
1961 3754 2207 3840 admittantur,

189 3910 331 3958 necesse
358 3889 456 3961 esset
475 3884 536 3986 ²³²³)

1148 4025 1182 4125 ι.
1221 4027 1255 4098 ι.

288 4153 405 4243 Quare
431 4173 577 4250 possum
602 4148 798 4250 spondere,
825 4151 964 4223 nullum
989 4147 1106 4221 adhuc
1131 4145 1347 4245 antiquitatis
1367 4143 1497 4216 librum
1522 4163 1593 4215 tam
1613 4143 1766 4241 perfecte
1784 4161 1819 4214 et
1843 4139 2000 4213 absolute
2018 4135 2207 4273 repetitum

191 4299 416 4370 esse,qua1n
440 4290 611 4343 nostrum.
662 4277 749 4344 Nam
775 4301 885 4371 quum
910 4272 1060 4386 singulas
1085 4270 1229 4371 paginas
1256 4269 1308 4340 bis
1329 4288 1424 4344 terve
1445 4265 1701 4364 accuratissime
1720 4263 1986 4365 perlustrarem,
2011 4280 2070 4346 ut,
2096 4258 2125 4328 si
2144 4257 2207 4354 qui

191 4417 320 4476 essent,
348 4419 482 4467 errores
509 4393 751 4481 emendarem,
777 4421 842 4495 per
869 4421 991 4468 omnes
1017 4397 1125 4466 ferme
1147 4395 1220 4485 400
1241 4419 1309 4492 pag
1310 4391 1383 4462 inas
1406 4391 1462 4463 vix
1480 4417 1540 4460 sex
1565 4389 1621 4462 vel
1641 4409 1724 4461 octo
1746 4387 1847 4459 locos
1864 4409 1997 4482 reperi
2023 4376 2204 4474 inquibus

189 4522 236 4590 ita
261 4535 447 4617 peccatum
473 4537 573 4601 esset,
599 4537 639 4590 ut
665 4517 754 4592 vel
745 4544 783 4588 ιιι
814 4517 996 4592 &lineola
1021 4539 1232 4597 transversa,
1258 4514 1314 4587 vel
1340 4513 1452 4585 simile
1477 4513 1654 4584 minutum
1679 4507 1824 4606 aliquod
1851 4505 1998 4575 deesset.

206 4697 564 4716 pn*

238 4795 269 4871 )
311 4791 369 4857 Cl.
390 4813 554 4856 censuram
576 4813 675 4857 meam
696 4789 741 4859 Ν.
764 4795 808 4857 Τ.
830 4789 1129 4857 Lachmaaaiam'int
1154 4787 1286 4855 Theoll.
1303 4786 1491 4854 Studienu
1513 4763 2205 4866 Kristtorg.1832.t.ttett.pag.8st.
2239 4787 2242 4794 ’

310 4887 468 4950 Anmetuk
491 4908 519 4951 a.

224 4997 270 5073 **)
305 4993 524 5062 plurimorum
552 4994 737 5060 codicum
727 4994 880 5082 imagines
905 4989 1031 5058 interim
1058 5015 1128 5058 cum
1156 5007 1256 5060 ιιιιιοσ
1235 4993 1366 5081 rophia
1395 4989 1545 5058 conferre
1566 4984 1642 5053 mibi
1666 4982 1816 5071 contigit.
1856 4946 1926 5044 Vix
1948 4988 2050 5044 autern
2072 4993 2202 5056 possum

310 5091 415 5156 dicere
436 5113 531 5174 quant
552 5111 662 5173 parum
676 5091 836 5176 imagines
857 5093 1057 5174 etttographa
1077 5103 1327 5172 repraesentent.
1403 5141 1408 5150 .
