5240 6318
404 369 528 436 XVlll
1235 365 1602 432 PROLEGOMENA

404 557 509 628 simul
533 580 615 626 cum
636 549 781 649 reliquis
805 547 919 621 nostri
943 545 1077 618 codicis
1101 543 1223 622 scribis
1243 543 1336 619 duos
1359 546 1464 620 etiam
1481 547 1520 619 in
1538 555 1661 621 Marco
1679 569 1872 648 occupatos
1895 549 2018 637 fuisse,
2044 551 2093 622 ita
2119 570 2255 638 tamen,
2281 572 2323 624 ut
2345 553 2433 626 alter

406 683 555 752 alterum
580 680 689 749 verbo
718 674 862 738 λυσαται
885 697 963 771 pag.
989 669 1071 760 174.
1098 669 1286 770 exciperet.
1337 671 1410 763 Qui
1441 671 1600 772 priorem
1627 671 1739 745 Marci
1768 692 1906 772 partem
1935 673 2105 758 exaravit,
2137 672 2250 752 homo
2283 673 2432 772 diligam

405 805 473 874 suit
500 823 538 873 et
565 819 747 873 accuratus
754 828 765 887 3
803 795 864 893 qni
893 793 1152 894 posteriorem,
1185 793 1298 866 homo
1324 794 1433 881 levis,
1469 795 1652 868 festinante
1686 797 1831 868 calamo.
1884 801 2018 869 Tamen
2047 816 2198 894 uterque
2232 823 2276 868 ex
2304 797 2431 874 iisdem

404 925 562 999 fontibus
592 923 802 1006 hauserunt,
838 917 886 991 ita
919 938 960 990 ut
989 918 1053 990 uni
1080 917 1209 990 sensim
1237 917 1438 1016 sensimque
1466 943 1503 990 se
1528 918 1634 1018 plane
1662 919 1734 989 fere
1763 916 1978 990 addicerent.
2028 917 2107 988 Hoc
2133 917 2282 990 maxime
2313 917 2430 993 deco

408 1050 516 1132 valet,
544 1045 608 1143 qui
631 1041 868 1144 posteriorem
893 1041 1005 1113 Marci
1030 1060 1167 1141 partem
1192 1038 1349 1111 absolvit.

1354 1204 1387 1305 ς.
1428 1204 1488 1292 43.

505 1368 564 1466 lta}
590 1383 747 1461 quarum
781 1361 1010 1460 quintamque
1059 1354 1139 1425 libri
1172 1356 1285 1426 nostri
1316 1375 1454 1456 partem
1479 1378 1639 1430 accurate
1666 1357 1898 1432 distinximus.
1950 1365 2023 1429 lam
2049 1360 2094 1431 de
2120 1365 2214 1432 Luca
2240 1384 2276 1434 et
2302 1370 2432 1438 loanne

408 1491 600 1562 videamus.

512 1614 678 1702 Quorum
705 1607 889 1707 inpriore
916 1605 1056 1675 nullum
1087 1602 1271 1700 vestigium
1300 1603 1478 1700 indagavi,
1518 1601 1616 1700 quod
1647 1627 1713 1673 nos
1739 1600 1894 1672 iudicare
1920 1621 2073 1702 cogeret,
2106 1607 2143 1676 in
2174 1607 2294 1706 plures
2319 1630 2435 1707 partes

413 1736 543 1804 librum
576 1729 849 1832 dispeseendnm
880 1751 965 1798 esse.
1019 1729 1099 1796 lloc
1130 1749 1244 1794 unum
1271 1723 1360 1794 mibi
1387 1724 1567 1796 interdum
1596 1725 1690 1796 visus
1720 1751 1798 1796 snm
1829 1729 2029 1814 observare,
2067 1729 2172 1801 unius
2200 1729 2256 1800 vel
2282 1729 2431 1802 duamur

412 1860 621 1958 paginarum
644 1857 854 1955 scripturam
880 1879 899 1920 a
923 1848 1057 1921 Lucani
1081 1846 1211 1918 librarii
1235 1847 1493 1921 consuetudine
1519 1847 1563 1920 ad
1591 1849 1759 1920 Marciani
1781 1869 1942 1924 tenorem
1963 1851 2166 1931 deflectere.
2216 1854 2295 1922 Non
2318 1872 2435 1924 antem

411 1980 459 2050 ita
482 2006 556 2053 esse
579 1977 753 2078 spondeo.
803 1979 938 2067 Tamen
961 1973 991 2044 si
1013 1971 1117 2043 etiam
1143 1971 1202 2042 alii
1226 1997 1368 2043 mecum
1394 1972 1649 2054 consentirent,
1676 1999 1831 2070 quornm
1849 1973 1886 2042 iu
1908 1974 1983 2045 istis
2003 1979 2107 2048 rebus
2124 1975 2298 2047 iudicium
2322 1977 2431 2062 valet,

410 2077 515 2204 plane
543 2128 618 2174 non
646 2102 801 2173 mirarer.
857 2097 992 2170 Scimus
1019 2095 1114 2168 enim
1136 2095 1324 2195 episcopos
1345 2094 1526 2167 interdum
1557 2096 1790 2196 calligraphos
1816 2100 2044 2196 abbatesque,
2071 2098 2133 2196 qui
2156 2096 2335 2170 delibandi
2355 2097 2435 2196 pin-

412 2224 588 2322 gendique
613 2224 730 2295 literas
756 2241 866 2293 artem
892 2219 954 2292 diu
980 2220 1193 2306 obiecerant,
1225 2219 1405 2292 interdum
1431 2217 1474 2289 ad
1501 2244 1593 2319 opus
1618 2219 1828 2292 derelictum
1864 2219 2024 2304 rediisse,
2053 2242 2097 2294 ut
2126 2223 2225 2320 quasi
2257 2221 2434 2295 honorem

411 2347 666 2444 significarent,
701 2367 808 2443 quem
840 2343 932 2416 libro
966 2343 1070 2414 alicui
1101 2342 1316 2426 tribuebant,
1353 2363 1389 2414 et
1421 2341 1571 2439 singulas
1605 2342 1720 2415 literas
1752 2342 1965 2442 paginaeque
1999 2367 2155 2416 exarasse
2189 2365 2224 2416 et
2256 2343 2435 2415 coloribus

414 2496 566 2544 ornasse.
619 2468 803 2568 Exempla,
840 2493 952 2564 quum
983 2466 1093 2537 multa
1130 2465 1169 2536 in
1201 2485 1349 2564 promtu
1384 2465 1472 2552 sint,
1508 2467 1628 2537 afferre
1668 2466 1893 2567 supersedeo.
1943 2467 2079 2560 Quidni
2102 2465 2210 2566 igitur
2232 2465 2434 2550 credamus,

414 2595 618 2690 magistrum
650 2592 792 2663 scholae
820 2589 1000 2662 interdum
1032 2588 1076 2659 ad
1103 2587 1360 2688 discipulorum
1391 2615 1500 2689 opera
1530 2589 1769 2672 descendisse,
1814 2611 1849 2662 et
1879 2590 2031 2688 singulas
2060 2588 2203 2690 paginas
2235 2589 2433 2688 praeivisse.

412 2716 486 2786 Illis
504 2714 739 2815 temporibus,
761 2739 851 2812 quac
868 2713 1032 2784 omnibns
1048 2709 1184 2782 auxiliis
1200 2715 1378 2795 carebant,
1399 2713 1525 2810 quibus
1545 2713 1655 2786 hodie
1671 2713 1848 2784 scribendi
1867 2740 1920 2784 ars
1936 2735 2182 2812 promovetur,
2200 2711 2435 2786 necessarium

416 2839 505 2907 adeo
530 2837 635 2908 fuisse
665 2837 737 2907 hoc
761 2835 911 2906 videtur.

1358 2994 1393 3082 S·
1432 2998 1493 3082 44.

516 3157 567 3223 De
602 3159 732 3224 Ioanne
765 3151 862 3222 idem
890 3153 1005 3236 valet,
1043 3149 1141 3246 quod
1177 3147 1222 3218 de
1248 3152 1352 3218 Luca.
1406 3151 1494 3222 suni
1523 3144 1613 3218 adeo
1648 3145 1828 3220 literarum
1861 3147 1994 3217 formae
2027 3147 2064 3216 in
2096 3166 2249 3244 utroque
2275 3167 2346 3218 tam
2371 3149 2437 3220 sibi

417 3276 564 3360 similes,
590 3296 631 3346 ut
646 3295 837 3370 utrumque
853 3271 984 3343 librum
1000 3271 1158 3343 eiusdem
1174 3269 1305 3341 librarii
1321 3295 1411 3369 opus
1437 3267 1614 3341 declarare
1639 3269 1735 3340 haud
1763 3268 1932 3347 dubitem.
1983 3272 2083 3363 Quae
2110 3269 2204 3340 enim
2228 3245 2436 3344 variationes

420 3397 658 3497 reperiuntur,
683 3397 732 3468 ita
757 3415 840 3466 snut
866 3415 1104 3495 comparatae,
1137 3415 1178 3466 ut
1203 3379 1357 3466 eundem
1382 3392 1531 3464 scribam
1556 3393 1766 3493 perplures
1790 3395 1934 3495 paginas
1958 3391 2041 3480 hac,
2071 3419 2137 3495 per
2162 3393 2244 3465 alias
2270 3394 2335 3466 alia
2360 3395 2438 3468 lite-

423 3547 540 3592 rarum
567 3519 786 3616 quarundam
811 3521 923 3592 sorrna
948 3547 1051 3590 usum
1079 3545 1152 3591 esse
1180 3516 1251 3590 dici
1275 3517 1405 3617 possit,
1427 3538 1537 3617 prout
1562 3517 1819 3591 consuetudine
1844 3519 2024 3590 subitanea
2050 3516 2251 3589 ducebatur.

1223 3837 1614 3865 ...ψ-ῃ

1279 4124 1311 4200 C
1338 4127 1377 4201 A
1402 4123 1449 4201 Ρ.
1500 4123 1583 4200 Il'.

472 4319 790 4402 comeum
818 4316 1333 4398 ssmcunnlvsls
1361 4317 1459 4395 m·
1486 4316 1988 4412 Bonnmnmffl
2015 4320 2389 4401 cocm'rlo·

1305 4516 1530 4530 ψ

1360 4670 1398 4760 S·
1432 4665 1492 4758 45.

525 4828 646 4916 Quum
681 4820 901 4894 Maribam
938 4846 1016 4895 ante
1052 4849 1182 4895 novem
1216 4822 1324 4894 lustra
1362 4823 1634 4896 Boemerianum
1671 4823 1834 4897 codicem
1869 4825 1963 4925 typis
1999 4827 2214 4928 exscriptum
2250 4827 2287 4898 in
2325 4827 2442 4900 lucem

425 4949 609 5049 publicam
629 4944 775 5045 prodire
800 4943 955 5032 iuberet,
983 4946 1071 5018 calci
1094 4947 1171 5020 eius
1196 4945 1325 5018 haecce
1351 4950 1456 5020 rerba
1481 4947 1621 5020 adiecit:
1658 4948 1724 5024 Ad
1745 4951 1814 5022 trio
1841 4949 1957 5022 millib
1980 4949 2140 5024 codicum
2168 4949 2381 5026 Graecorum
2407 4951 2471 5024 ιη’

426 5075 535 5144 varri's
559 5069 753 5164 regr'onr'bus
776 5071 941 5152 traclovi;
966 5069 1103 5142 nullum
1129 5083 1247 5144 lamen
1272 5068 1352 5145 huie
1376 5072 1535 5146 simr‘lem.
1586 5073 1763 5170 Equidem
1789 5099 1826 5146 re
1850 5099 2017 5150 conversa
2036 5077 2107 5148 iam
2129 5074 2315 5150 exclamari
2340 5103 2444 5177 posse
