5240 6318
427 443 489 508 DE
512 441 651 508 NOTlS
675 440 999 508 llIANUSCRlPTl
1019 441 1374 508 SANGALLENSIS
1398 443 1767 510 MARGINALIBUS.
1810 445 2004 514 CAP.V1.
2144 451 2229 514 XLl

1145 626 1179 726 a.
1219 623 1279 696 aa

307 793 343 860 C.
393 785 514 866 Notae
535 787 764 882 marginales,
800 813 889 886 quae
918 787 978 858 uel
997 783 1173 858 literarum
1196 785 1357 858 ductibus
1382 787 1450 859 sibi
1468 787 1615 859 inuicem
1635 789 1770 860 insertis
1791 789 1853 863 vel
1869 791 1951 863 aliis
1974 792 2083 885 signas
2106 819 2131 862 α
2154 791 2230 884 lite-

208 937 328 982 rarum
359 899 488 1013 fornia
523 910 646 981 altinas
681 922 852 982 constant.
881 966 887 976 .
915 909 1071 1007 Singulas
1105 911 1294 1016 recensebo
1329 929 1365 980 et
1393 908 1587 1008 explicabo.
1653 911 1762 1004 Quod
1802 911 2010 982 Mattliaeins
2052 911 2226 1009 quaedam

207 1059 280 1106 non
307 1019 490 1131 explicuit,
526 1057 569 1104 eo
595 1032 710 1103 minus
736 1032 1012 1105 condonandum
1038 1051 1107 1119 est,
1142 1059 1253 1132 quum
1278 1031 1358 1102 iam·
1372 1031 1409 1104 in
1434 1031 1706 1134 Montesalconii
1728 1033 1948 1130 aliorumque
1976 1031 2143 1130 operibus
2169 1056 2227 1104 so·

206 1153 295 1227 lutio
322 1155 536 1228 exhibeatur.
655 1245 656 1252 ¹
1141 1239 1144 1246 Ι

310 1279 390 1352 Χῦἶ
433 1275 550 1348 Semel
574 1296 710 1350 tantum
734 1276 773 1348 in
797 1295 920 1349 nostro
946 1275 1107 1362 habetur,
1133 1275 1171 1347 in
1188 1276 1302 1348 fronte
1320 1275 1410 1348 libri.
1462 1277 1629 1376 Explica:
1659 1277 1818 1354 Christus
1833 1278 2053 1351 berredr'ctus..
2089 1277 2223 1348 Eadem

205 1399 358 1470 formula
382 1399 562 1495 hodieque
588 1397 762 1472 Catholici
788 1423 893 1470 omne
919 1422 1053 1471 novum
1079 1423 1169 1497 opus
1195 1396 1416 1495 augurantur.

1129 1574 1179 1674 a.
1216 1575 1275 1648 99.

318 1684 360 1822 4.
413 1720 454 1784 In
479 1711 658 1786 Matthaeo
685 1733 837 1811 quatuor
861 1711 996 1813 paginis
1020 1711 1093 1790 hoc
1109 1710 1249 1808 signum
1268 1712 1457 1783 offenditur
1473 1713 1565 1810 (pag.
1585 1711 1650 1799 75,
1680 1715 1768 1800 105,
1798 1705 1887 1800 108,
1916 1709 2002 1814 115)
2010 1701 2025 1805 3¹
2047 1712 2085 1782 in
2102 1719 2223 1785 Marco

204 1867 383 1939 nusquam
408 1860 534 1930 exstat,
572 1837 608 1910 in
633 1842 748 1911 Lucae
776 1859 811 1910 et
835 1839 975 1912 Ioannis
1000 1837 1134 1938 paginis
1160 1831 1282 1930 viginti
1308 1831 1442 1942 duabus
1468 1833 1694 1932 conspicitur.
1746 1833 2044 1937 Montesalconius
2070 1836 2224 1934 (palaeo-

207 1963 371 2062 graphiae
396 1963 455 2034 lib.
482 1967 521 2033 V.
547 1987 625 2060 pag.
654 1964 743 2053 544,
771 1961 861 2054 545,
889 1965 974 2053 547,
1001 1962 1088 2052 548,
1115 1959 1204 2038 570,
1231 1955 1318 2053 572)
1340 1984 1478 2049 γρονον,
1498 1983 1636 2050 χρυσιον
1655 1955 1710 2025 vel
1730 1985 1871 2051 χρυσον,
1890 1983 2135 2053 χρυσοστομον,
2156 1987 2226 2051 χρι-
2340 2011 2344 2029 .

208 2085 399 2181 oror(hoc
425 2085 602 2158 tamenin
627 2085 867 2184 manuscripto
894 2095 987 2176 raro)
1011 2113 1137 2180 χρισμα
1165 2079 1288 2176 (itaet
1320 2075 1497 2175 Isidorus)
1532 2095 1567 2145 et
1600 2105 1763 2171 χρησιμον
1795 2076 1887 2146 hanc
1919 2075 2067 2172 liguram
2099 2095 2222 2146 notare

203 2212 350 2306 probat,
387 2229 423 2280 et
455 2235 498 2278 ex
529 2207 601 2280 loci
633 2228 756 2280 natura
788 2208 961 2308 pendere,
1001 2232 1090 2303 quae
1123 2199 1310 2300 explicatio
1343 2196 1498 2268 ineunda
1530 2197 1583 2269 sit.
1644 2188 1686 2268 In
1718 2198 1809 2271 libro
1839 2217 1963 2270 nostro
2000 2214 2222 2295 postremum

206 2330 338 2428 ubique
361 2331 552 2428 legendum
579 2349 645 2417 est,
673 2330 716 2402 de
743 2357 816 2426 quo
842 2329 937 2429 apud
963 2325 1280 2428 Montesalconium
1305 2346 1382 2420 pag.
1411 2319 1483 2393 572
1509 2319 1573 2392 ita:
1600 2320 1710 2407 „haec
1735 2322 1815 2394 sola
1839 2346 1886 2390 ex
1909 2318 2089 2390 uoluntate
2114 2319 2226 2388 cuius-

206 2479 270 2552 que
296 2454 349 2526 ad
371 2453 513 2552 aliquid
535 2451 733 2526 notandum
754 2454 938 2550 ponitur.“
987 2457 1112 2523 Noster
1136 2442 1297 2544 inprimis
1322 2440 1485 2541 practicis
1511 2469 1600 2540 quae
1628 2443 1795 2516 dicuntur
1818 2440 2015 2542 praeceptis
2043 2438 2159 2526 addit,
2185 2459 2225 2508 ut

204 2600 293 2672 quae
319 2574 363 2646 de
391 2574 639 2675 eleemosynis,
666 2575 711 2648 de
738 2596 896 2680 extremo
921 2572 1074 2658 iudicio,
1100 2569 1144 2639 de
1171 2565 1304 2638 ratione
1331 2561 1520 2658 aliquando
1549 2565 1747 2648 reddenda,
1774 2565 1818 2637 de
1843 2564 2007 2664 precibus
2034 2586 2224 2657 earumque

205 2696 426 2770 exauditione
453 2717 519 2769 cet.
546 2718 662 2796 agunt.

325 2821 367 2932 4.
427 2838 521 2904 Haec
536 2853 637 2914 nota,
661 2832 699 2903 id
724 2851 776 2904 est
795 2867 818 2926 χ
834 2833 966 2905 inserto
979 2857 1010 2920 ¹r
1033 2833 1175 2916 Latino,
1201 2835 1308 2906 semel
1334 2839 1470 2906 tantum
1494 2829 1532 2898 in
1557 2847 1635 2899 toto
1661 2824 1787 2898 codice
1810 2843 1963 2896 notatur.
2015 2821 2095 2891 Sine
2114 2816 2223 2889 dubio

205 2955 247 3024 ab
274 2985 294 3048 ρ
315 2958 473 3038 Graeca,
501 2952 599 3049 quod
625 2952 706 3022 alias
732 2951 770 3021 in
794 2952 861 3022 hac
884 2971 969 3022 nota
994 2950 1101 3023 inseri
1126 2955 1326 3041 consuevit,
1359 2952 1519 3058 librafius
1545 2949 1588 3020 ad
1615 2947 1778 3020 Latinum
1804 2973 1824 3016 r
1846 2943 2024 3016 aberravit.

1029 3111 1032 3118 '
1132 3128 1166 3228 ς.
1205 3134 1285 3203 100.

318 3227 363 3367 l'
412 3253 489 3320 Hoc
515 3273 668 3346 gamma
694 3273 793 3346 pagg.
823 3249 912 3330 218,
939 3245 1030 3340 245,
1058 3245 1144 3342 254,
1171 3252 1261 3343 274,
1288 3252 1357 3323 571
1395 3267 1513 3322 exstat.
1571 3246 1678 3318 Locis
1703 3241 1861 3326 additur,
1889 3235 1978 3337 quae
2004 3237 2153 3308 scribam
2179 3234 2223 3304 de

206 3387 413 3485 indignitate
440 3407 475 3458 et
499 3385 722 3486 perversitate
748 3384 902 3456 humana
927 3385 1136 3475 admonent,
1174 3388 1218 3460 de
1244 3415 1305 3471 eo,
1342 3388 1439 3486 quod
1466 3386 1579 3458 homo
1612 3407 1687 3454 non
1720 3378 1886 3478 operibus
1912 3375 1972 3446 sed
1999 3372 2221 3473 beneplacito

206 3510 328 3588 divino
355 3509 453 3608 regni
478 3508 638 3582 coelestis
663 3503 839 3609 particepi
866 3507 989 3582 evadit.
1041 3514 1158 3604 Quare
1177 3509 1307 3584 Christi
1324 3509 1491 3582 auxilium
1508 3506 1693 3606 implorat,
1722 3512 1847 3597 Χριστε
1868 3508 1993 3572 stercor
2018 3495 2222 3570 exclamans.

205 3632 246 3704 ld
276 3631 370 3704 enirn
394 3629 466 3703 hoc
491 3629 590 3727 signo
617 3631 833 3731 exprimitur.
894 3693 898 3700 .

299 3773 348 3861 ·)'<
395 3767 599 3842 Asteriscus.
659 3767 747 3840 Vide
777 3765 1028 3866 Epiphaniam
1062 3771 1106 3844 de
1138 3771 1357 3871 ponderibus
1387 3789 1423 3841 et
1455 3748 1629 3838 mensuris
1662 3760 1717 3834 ed.
1753 3759 1879 3833 Calon.
1917 3755 2022 3828 1682.
2048 3723 2151 3826 Tom.
2178 3757 2221 3821 11.

206 3947 283 4022 pag.
309 3917 380 3990 158
407 3941 442 3992 et
466 3921 598 3995 multos
624 3920 710 3994 alios
736 3942 807 3992 tam
833 3920 1047 4019 antiquitatis
1073 3949 1179 4018 quam
1203 3924 1309 3995 huius
1335 3920 1504 4020 temporis
1529 3917 1728 4015 scriptores.
1779 3907 1982 4011 Apponitur
2006 3908 2044 3977 in
2067 3904 2109 3976 iis
2136 3929 2225 4003 quae

207 4044 334 4118 omissa
360 4063 460 4130 sunt,
500 4063 535 4114 et
561 4044 717 4117 ostendit
742 4071 782 4116 ea
807 4068 896 4140 quae
922 4043 971 4114 ita
994 4061 1115 4115 nauta
1140 4063 1238 4124 sunt,
1279 4043 1412 4114 scribae
1438 4041 1589 4138 genuina
1613 4063 1686 4111 esse
1711 4035 1793 4108 visa.
1819 4079 1869 4095 -
1900 4035 2021 4103 Exstat
2044 4027 2225 4100 asteriscus

207 4188 331 4267 quater
355 4193 434 4269 pag.
461 4168 544 4239 500.

1134 4347 1171 4438 S.
1199 4348 1282 4419 101.

282 4489 333 4568 Θ.
372 4483 453 4557 Sine
465 4484 575 4558 dubio
586 4482 766 4582 antisigma
775 4483 1148 4583 urprrmryusrarquod
1159 4483 1279 4557 vocari
1288 4501 1323 4554 et
1332 4481 1380 4554 ita
1390 4505 1535 4580 quoque
1546 4475 1644 4580 pingi
1652 4475 1759 4549 solet:
1789 4475 1831 4548 9.
1849 4465 2120 4564 „Ponituriniis
2133 4463 2221 4536 locis

206 4607 268 4680 ubi
292 4607 330 4680 in
356 4608 484 4681 eodem
508 4635 613 4680 sensu
639 4609 801 4708 duplices
825 4634 944 4680 versus
969 4615 1051 4681 sunt
1076 4627 1111 4678 et
1137 4606 1317 4679 dubitatur
1342 4604 1405 4704 qui
1429 4603 1549 4705 potins
1575 4600 1756 4698 eligendus
1780 4601 1835 4672 sit.
1845 4611 1867 4643 ‘⁶
1891 4592 2063 4669 Isidorus.
2114 4583 2224 4658 Nimis

206 4727 324 4806 stricte
342 4729 525 4830 explicuit,
553 4731 670 4805 sedin
686 4715 888 4805 uriiversum
904 4756 996 4804 vere.
1046 4735 1167 4803 Exstat
1186 4729 1270 4828 sigla
1286 4755 1363 4830 pag.
1381 4726 1463 4815 192,
1491 4726 1558 4798 col.
1576 4724 1609 4795 2.
1627 4749 1705 4824 pag.
1726 4721 1807 4810 195,
1834 4717 1903 4792 col.
1916 4717 1949 4787 2.
1966 4738 2044 4814 pag.
2059 4709 2141 4800 564.
2159 4706 2221 4778 bis·

281 4859 331 4926 4.
385 4854 521 4954 Septies
541 4853 591 4926 ¹in
623 4876 748 4930 nostro
782 4851 973 4928 observavi.
1021 4859 1122 4952 Pagg.
1159 4856 1249 4945 154,
1286 4851 1374 4938 158,
1410 4849 1479 4922 207
1515 4849 1667 4947 (quater)
1694 4845 1767 4920 509
1792 4839 2024 4944 Epiphanius
2046 4833 2071 4909 l.
2095 4859 2125 4906 c.
2145 4865 2221 4930 περι

206 5006 341 5079 χριστου
362 4976 543 5077 explicuit.

289 5083 325 5212 ξ.
377 5099 580 5176 Istiusmodi
604 5102 765 5178 uncinoli
788 5103 828 5176 in
852 5099 986 5176 Veteris
1009 5097 1224 5174 Testamenti
1247 5097 1337 5173 locis
1361 5091 1545 5170 afferendis
1570 5089 1791 5168 adhibentur.

328 5255 416 5316 nug.
437 5252 494 5303 oua
511 5253 617 5316 angara
1686 5225 1705 5288 6
