5240 6318
416 431 559 500 xxxtr
983 503 989 514 ⁴
1247 425 1614 491 monuoomnrts

517 613 713 714 disciplinis
733 639 908 704 ornaypa
932 629 1033 682 tanto
1050 607 1089 680 in
1107 607 1269 690 bonore,
1287 628 1454 706 tantaque
1473 606 1514 682 in
1534 605 1775 680 aestimatione
1793 605 1916 707 paucis
1937 606 2120 682 retroactis
2138 605 2286 684 saeculis
2302 605 2440 682 habitus

524 739 607 826 fuit,
650 751 689 810 nl
714 738 812 810 solas
834 763 903 836 pro
927 733 1090 806 omnibus
1112 733 1196 806 alri's
1218 731 1384 827 legerem
1399 733 1451 832 ²²).

1360 913 1396 1018 §-
1433 913 1493 988 rs.

614 1087 715 1185 Opus
738 1107 814 1156 non
836 1101 907 1168 est,
944 1099 985 1151 ut
1008 1078 1111 1179 plura
1134 1076 1180 1149 de
1205 1076 1379 1150 Martiano
1408 1074 1582 1148 adiiciam.
1633 1077 1818 1162 conseras,
1851 1075 1882 1148 si
1908 1076 2046 1178 placet,
2086 1075 2238 1150 Baelrrr‘r'
2255 1073 2442 1152 historiam

515 1213 760 1280 Romanorum
781 1203 971 1277 literariam
996 1205 1030 1306 §.
1060 1199 1133 1274 358
1164 1221 1200 1274 et
1219 1200 1328 1273 libros
1351 1200 1401 1272 ibi
1424 1199 1559 1272 citatos.
1608 1199 1677 1272 Sed
1705 1225 1797 1299 opus
1818 1201 1963 1272 fortasse
1989 1225 2063 1272 esse
2088 1199 2153 1272 tibi
2172 1199 2365 1287 videbitur,
2398 1219 2440 1272 ut

514 1331 596 1404 loca
616 1331 779 1416 reseram,
814 1327 858 1399 ad
881 1353 970 1426 quae
990 1345 1111 1396 noster
1141 1323 1331 1423 respexisse
1358 1323 1527 1396 videatur.
1596 1323 1717 1395 Ardua
1749 1348 1825 1410 res,
1860 1323 1898 1393 in
1933 1351 2004 1421 qua
2036 1322 2252 1398 coniecturis
2279 1321 2440 1396 contenti

518 1453 628 1528 simus
647 1479 791 1524 necesse
811 1471 874 1524 est.
924 1448 1137 1548 Exemplum
1155 1473 1300 1547 ponam.
1347 1451 1426 1545 Pag.
1458 1443 1505 1517 35
1533 1445 1577 1518 ad
1600 1447 1793 1544 marginem
1816 1446 1860 1518 ad
1887 1445 2097 1518 blartianum
2118 1463 2346 1546 provocatur.
2396 1449 2440 1515 ln

514 1595 614 1648 textu
634 1575 739 1673 legis:
780 1603 828 1665 μη
854 1601 1035 1666 prosperare
1060 1601 1100 1657 τη
1127 1591 1220 1667 apum
1247 1599 1356 1661 ιιμων,
1381 1601 1413 1643 τι
1432 1601 1562 1667 parare
1581 1603 1640 1644 xer
1657 1601 1690 1646 rr
1708 1603 1821 1660 πιηιε,
1846 1602 1930 1664 pars
1948 1603 1994 1644 ro
2014 1600 2142 1664 σωμαπ
2160 1601 2254 1663 opor
2272 1601 2306 1645 re
2325 1577 2439 1645 sedw-

515 1699 617 1778 ησθε.
667 1695 747 1781 Ουχι
773 1713 906 1786 opum
925 1697 1041 1762 relator
1067 1713 1158 1760 sorte
1183 1717 1242 1772 της
1265 1717 1411 1784 τροφης,
1440 1717 1499 1761 και
1516 1720 1556 1764 ro
1576 1717 1676 1783 σωμα
1693 1719 1754 1762 roo
1773 1697 1972 1780 ενδιιματοςς
2003 1691 2200 1763 Collocatio
2226 1690 2325 1766 vocis
2350 1676 2443 1785 Μῆ

518 1813 655 1913 prodit,
686 1813 730 1884 ad
753 1839 827 1902 ουχι
846 1835 978 1907 η.ψυχη
998 1821 1066 1884 erl.
1092 1815 1321 1913 glossatorem
1348 1815 1551 1916 respexisse.
1599 1814 1667 1886 Sed
1692 1813 1735 1886 ad
1763 1813 1985 1885 dialecticam
2011 1811 2182 1913 inspexit,
2218 1840 2264 1886 an
2286 1815 2331 1886 ad
2356 1815 2439 1888 rbe-

525 1935 698 2008 toricaml
747 1937 837 2030 Quis
858 1959 958 2010 certo
980 1938 1109 2011 certius
1131 1937 1204 2012 hoc
1222 1937 1389 2010 definiat?
1439 1937 1530 2009 Mihi
1552 1937 1698 2035 quidem
1716 1935 1904 2010 verisimile
1922 1934 2081 2024 ridetur,
2114 1932 2159 2006 ad
2177 1934 2237 2006 lib.
2254 1938 2284 2004 V
2301 1935 2438 2035 respici,

522 2055 687 2130 editionis
719 2059 910 2133 Grotianae
934 2087 1013 2161 pag.
1041 2063 1113 2132 160
1137 2061 1227 2132 baec
1253 2063 1375 2133 verba:
1413 2089 1470 2148 „a
1493 2063 1757 2159 comparalrorre
1780 2063 1977 2132 marorum:
2014 2061 2092 2160 quis
2112 2059 2245 2131 dtrbr'lel
2265 2087 2291 2130 a
2309 2058 2440 2132 abac&

514 2181 641 2277 petisse
658 2184 846 2279 paruarum
871 2183 1037 2272 Verrem,
1063 2211 1144 2264 eum
1171 2213 1197 2256 a
1213 2183 1342 2257 Marco
1357 2183 1506 2258 Octava
1518 2183 1649 2280 Lrgnre
1666 2183 1891 2284 postularet?
1930 2182 1977 2260 V
1971 2183 2123 2277 sigillus:
2154 2179 2194 2254 T
2187 2209 2212 2252 u
2228 2193 2329 2279 potes
2349 2210 2440 2258 aaa·

516 2305 626 2374 olmes
648 2331 788 2376 annare
820 2307 859 2377 r'rr
888 2307 1026 2403 proelia
1046 2310 1191 2409 fratres.
1241 2308 1310 2380 Ex
1330 2305 1397 2380 lroc
1422 2311 1538 2406 utrque
1563 2309 1711 2407 probat,
1741 2318 1774 2378 et
1803 2307 1938 2378 alrinos
1962 2332 2082 2403 posse,
2120 2303 2221 2405 quod
2242 2305 2361 2378 minus
2388 2319 2440 2377 esl

516 2441 616 2496 cet.“
664 2432 712 2497 At
743 2453 828 2500 vero
863 2429 941 2525 quis
973 2429 1255 2502 confirmaverit?
1299 2436 1457 2528 Namque
1488 2431 1527 2502 in
1557 2430 1633 2502 aliis
1652 2429 1743 2503 locis
1776 2430 1881 2501 etiam
1911 2428 1955 2499 ad
1985 2427 2246 2526 grammaticam
2272 2426 2440 2525 Capellae

516 2567 638 2620 noster
669 2547 824 2620 intentus
852 2553 956 2624 fixisse
979 2550 1128 2624 videtur.
1178 2552 1275 2645 Quid
1304 2552 1420 2626 dicam
1445 2553 1490 2626 de
1520 2553 1639 2652 figuris
1668 2578 1864 2650 eorumque
1893 2551 2121 2626 nominibus?
2170 2548 2330 2648 quidde
2358 2570 2436 2623 toto

515 2669 657 2766 reliquo
686 2693 857 2771 apparatu
882 2674 1087 2747 rhetorico?
1125 2680 1206 2750 Non
1231 2675 1461 2775 hyperbolice
1489 2677 1626 2774 loquar.
1676 2681 1723 2748 At
1743 2703 1828 2748 vero
1853 2674 2038 2775 spondeo,
2071 2671 2138 2742 tria
2164 2671 2285 2744 suein
2309 2671 2437 2768 quovis

513 2790 599 2863 loco
622 2793 861 2870 exhibiturum
880 2823 968 2878 esse,
1008 2824 1082 2894 quo
1107 2797 1267 2869 librarius
1293 2799 1337 2870 ad
1361 2800 1571 2871 Martianum
1591 2800 1817 2901 provocarit,
1855 2825 1945 2896 quae
1968 2794 2159 2894 respexisse
2179 2793 2294 2865 videri
2311 2794 2434 2892 possit.

516 2915 653 3008 Quare,
685 2916 798 2990 missis
828 2919 992 2993 omnibus
1021 2919 1077 2992 his
1106 2920 1215 3008 locis,
1249 2921 1392 2996 lecturis
1420 2921 1457 2992 id
1488 2922 1622 3019 negotii
1653 2922 1835 3021 relinqu0,
1863 2940 1905 2992 ut
1932 2921 1998 2991 sibi
2030 2915 2192 2992 Martianl
2216 2916 2297 2988 loca
2333 2915 2436 2988 citata

513 3033 714 3136 adpingant.

1361 3187 1397 3278 S
1435 3183 1495 3259 79.

614 3343 673 3420 At,
700 3339 803 3426 dicis,
829 3341 859 3412 si
890 3361 988 3416 tanto
1017 3345 1131 3444 spatio
1160 3346 1403 3443 egrediebatur
1433 3345 1613 3433 librarius,
1648 3345 1735 3443 quid
1763 3345 1922 3418 utilitatis
1951 3345 2035 3418 inde
2057 3346 2096 3416 in
2114 3346 2285 3421 lectorem
2297 3346 2436 3420 redtu-

520 3458 638 3530 davitl
687 3466 767 3531 Non
798 3462 837 3533 in
863 3490 968 3535 usum
989 3466 1166 3540 lectorum
1190 3470 1369 3542 variorum
1394 3469 1508 3542 nostri
1531 3470 1611 3540 libri
1635 3471 1830 3570 comparati
1849 3491 1950 3557 sunt,
1977 3467 2076 3566 quod
2095 3470 2164 3543 alio
2179 3470 2263 3548 loeo
2284 3469 2435 3542 demon-

520 3601 667 3653 stratum
685 3583 830 3671 ivimus,
869 3587 930 3658 sed
953 3589 1178 3664 scholarium.
1230 3598 1353 3690 Itaque
1384 3619 1473 3690 quae
1503 3593 1668 3666 adnotata
1689 3614 1771 3666 sunt
1785 3621 1808 3664 a
1824 3613 2055 3694 praeceptore
2073 3591 2239 3666 adnotata
2261 3592 2434 3674 videntur,

520 3726 561 3775 ut
585 3706 847 3792 recordaretur,
873 3737 963 3808 quae
986 3713 1069 3786 loco
1092 3715 1212 3812 aliquo
1236 3715 1545 3802 animadvertenda
1569 3737 1693 3789 essent.

1352 3895 1386 3996 §-
1428 3897 1488 3968 ιο.
1533 3961 1539 3968 .

606 4029 725 4096 Restat
755 4047 797 4098 ut
823 4026 868 4099 de
899 4054 943 4100 eo
976 4027 1119 4128 loquar,
1169 4029 1268 4130 quod
1306 4033 1426 4106 mirari
1463 4035 1607 4106 sortasse
1636 4032 1767 4134 possis,
1809 4035 1862 4110 M
1877 4037 1975 4110 ando
1999 4039 2211 4116 Martianum
2235 4042 2432 4140 significari.

513 4147 712 4242 Aliquoties
740 4150 987 4222 tantummodo
1008 4153 1080 4224 hoc
1105 4156 1255 4254 reperis,
1294 4177 1448 4252 quatuor
1470 4156 1683 4268 propinquis
1706 4159 1860 4260 paginis,
1897 4160 2069 4261 ampliore
2094 4163 2311 4264 compendio
2332 4189 2434 4264 prae-

513 4267 682 4352 cedente,
730 4290 765 4340 et
793 4291 973 4369 praeterea
1008 4273 1117 4343 semel
1152 4301 1230 4373 pag.
1259 4278 1342 4368 547.
1390 4285 1512 4375 Neque
1543 4279 1573 4350 si
1602 4280 1702 4350 aliter
1732 4303 1821 4354 esset
1846 4284 2001 4359 mirarer.
2052 4291 2210 4385 Namque
2237 4313 2338 4376 usus,
2373 4287 2432 4360 cui

512 4391 603 4462 liber
633 4390 824 4464 destinatus
851 4393 955 4464 luisse
985 4394 1144 4481 ridetur,
1180 4399 1261 4470 satis
1285 4398 1358 4472 hoc
1382 4421 1562 4472 excusaret
1576 4400 1626 4492 *).
1694 4404 1929 4480 Ecclesiastici
1955 4433 2039 4488 usus
2064 4406 2236 4482 indicium
2256 4433 2432 4508 nusquam

404 4559 409 4566 -
510 4512 637 4612 reperi.
690 4515 765 4608 Qui
789 4515 827 4586 in
853 4516 1090 4590 Boerneriano
1115 4519 1211 4592 haud
1231 4523 1341 4595 semel
1369 4523 1667 4600 animadvertitur.

358 4867 363 4876 ·
495 4853 526 4926 ¹³)
567 4851 605 4914 ln
627 4853 821 4916 monasterio
843 4855 1126 4921 Sancti-Gallensi
1141 4858 1298 4924 Martiani
1320 4883 1418 4946 opera
1440 4887 1481 4931 ex
1501 4867 1696 4934 Harrmuodi
1716 4873 1804 4935 dono
1829 4870 2042 4938 habebantur.
2084 4865 2201 4935 Incidit
2215 4883 2318 4936 autem
2334 4869 2428 4948 btu'us

567 4945 692 5010 abbatis
712 4967 800 5011 mors
821 4947 854 5011 in
876 4969 992 5012 annum
1008 4951 1132 5017 Christi
1145 4957 1218 5019 872.
1241 4957 1322 5020 via.
1345 4963 1385 5022 de
1399 4960 1449 5024 bis
1463 4962 1612 5028 omnibns
1625 4965 1759 5027 Goltlartt‘
1778 4983 1861 5028 rerr.
1878 4965 2159 5028 Alamanniearorn
2175 4967 2265 5031 Part.
2278 4973 2308 5031 1.
2330 4971 2426 5049 ρ..32.

472 5041 520 5116 “)
563 5041 685 5102 Tamen
715 5046 905 5106 monendum
933 5053 997 5116 ert,
1037 5049 1165 5112 nomina
1191 5048 1294 5132 priml
1321 5051 1414 5118 literl
1441 5054 1644 5143 significandi
1670 5079 1760 5122 usum
1789 5057 1896 5124 medio
1921 5079 2004 5124 aero
2034 5060 2286 5151 vulgatissimum
2315 5063 2426 5129 luisse.

564 5133 622 5200 ct.
642 5135 755 5200 lraortt.
776 5139 860 5204 Aeta
882 5137 942 5200 SS.
964 5151 1028 5204 ete.
1051 5141 1147 5210 Τοιιι.
1169 5143 1256 5222 Vll,
1276 5145 1337 5211 l'ol.
1361 5149 1412 5214 19.
1435 5153 1465 5226 §.
1489 5153 1538 5220 16.
