5240 6318
435 423 523 487 xlv
1277 418 1643 486 Pttonssomnna

438 603 641 706 quaternio,
667 598 728 672 sed
754 599 897 697 quinio,
924 621 1035 695 quum
1060 596 1219 694 quinque
1242 597 1372 669 chartis
1393 601 1630 697 pergamenis,
1657 598 1783 672 decem
1807 601 1900 674 soliis
1927 620 1962 672 et
1986 601 2110 698 viginti
2135 603 2272 702 paginis
2297 625 2454 690 constet,

436 751 472 804 et
497 757 516 800 a
540 751 619 826 pag.
649 723 731 793 111.
759 747 872 818 usqne
901 721 982 790 150.
1010 719 1094 791 incl.
1117 720 1329 819 porrigatur.
1381 723 1512 793 Ultima
1539 722 1665 822 pagina
1693 749 1803 796 vacua
1828 744 1886 796 est
1908 722 2029 796 literis.
2081 726 2278 815 Quaternio
2306 748 2453 802 octavus

434 857 523 924 bene
545 849 660 920 habet.
710 850 757 916 At
779 867 947 914 numerus
970 842 1228 939 quaternionis,
1254 843 1283 913 si
1308 868 1351 914 ex
1372 863 1567 918 atramento
1592 865 1629 916 et
1655 844 1855 918 charactere
1880 857 1941 920 τοῦ
1960 856 2006 918 Η
2026 847 2192 944 colligere
2212 848 2315 934 licet,
2340 849 2451 926 serim
2501 921 2504 932 ,

435 974 584 1047 additus.
627 974 705 1041 Hoc
720 966 816 1037 idem
832 965 876 1036 de
896 965 1127 1063 quatemione
1144 991 1261 1048 nono,
1282 964 1438 1052 decimo,
1461 966 1653 1038 undecimo
1670 968 1779 1052 valet,
1806 971 1869 1064 qui
1886 994 2008 1040 omnes
2024 968 2069 1038 ad
2086 976 2245 1040 Marcum
2260 973 2449 1070 pertinent.

434 1093 623 1170 Undecimi
643 1086 882 1191 quaternionis
898 1087 1043 1186 paginae
1067 1087 1250 1160 191.192.
1272 1087 1353 1160 193.
1373 1088 1439 1159 alia
1459 1115 1566 1158 manu
1581 1086 1726 1191 ‘alioque
1742 1109 1947 1162 atramento.
1998 1090 2193 1181 Quaternio
2214 1089 2449 1164 duodecimus

433 1240 528 1294 recte
550 1217 666 1289 habet.
717 1217 852 1284 Tamen
874 1236 919 1282 eo
946 1209 1042 1292 loco,
1077 1210 1140 1280 ubi
1162 1209 1233 1280 iam
1257 1211 1497 1308 quaternionis
1523 1237 1691 1282 numerus
1713 1215 1869 1284 Graecus
1898 1231 2061 1312 apparet,
2096 1212 2204 1309 prius'
2220 1212 2314 1283 aliud
2343 1213 2448 1286 lisisso

433 1341 582 1416 videtur.
630 1345 788 1434 Namque
811 1360 929 1406 rasura
948 1353 1010 1404 est
1062 1332 1174 1402 Huius
1199 1332 1439 1430 quaternionis
1467 1333 1593 1432 pagina
1619 1353 1772 1404 extrema
1800 1353 1836 1404 et
1860 1333 2037 1431 sequentis
2062 1332 2188 1430 pagina
2210 1335 2326 1434 prima
2352 1334 2446 1407 solae

432 1467 470 1540 in
493 1464 613 1537 medio
638 1462 730 1533 libro
755 1459 876 1530 colore
897 1453 1001 1526 viridi
1023 1455 1169 1551 fulgent.
1219 1455 1363 1554 Saepius
1388 1454 1541 1525 inlibris
1565 1481 1673 1525 manu
1699 1457 1844 1528 exaratis
1868 1457 1942 1530 hoc
1965 1459 2163 1528 observasse
2189 1456 2280 1528 mihi
2303 1458 2447 1542 videor,

432 1611 473 1662 ut
488 1586 638 1671 librarii,
664 1584 694 1655 si
710 1601 826 1682 partes
844 1577 1045 1673 inaequales
1063 1576 1283 1674 copulandae
1302 1597 1417 1648 esseut
1437 1578 1626 1659 librorum,
1652 1578 1708 1648 vel
1729 1603 1825 1650 novo
1845 1597 2038 1650 atramento
2061 1577 2228 1659 inducto,
2252 1577 2309 1649 vel
2325 1577 2447 1651 colore

433 1709 613 1793 adhibito,
648 1723 826 1775 externam
847 1699 1003 1801 speciem
1027 1697 1124 1769 iuxta
1146 1725 1182 1770 se
1206 1699 1402 1800 positarum
1423 1699 1630 1800 paginarum
1652 1700 1897 1782 emendarent,
1923 1722 1958 1773 et
1981 1701 2249 1772 similitudinem
2270 1699 2448 1796 quandam

434 1834 620 1904 efficerent.
671 1822 866 1918 Quatemio
893 1819 1216 1908 tertiusdecimus,
1250 1841 1395 1918 quartus
1421 1821 1599 1905 decimus,
1636 1823 1780 1919 quintus
1806 1822 1964 1895 decimus
1990 1822 2089 1919 pleni
2113 1842 2204 1892 sunt.
2255 1827 2297 1890 ln
2319 1818 2446 1890 ultimo

434 1936 674 2050 quaternionis
694 1969 862 2016 numerus
883 1947 1039 2014 Graecus
1058 1969 1177 2013 rasura
1197 1945 1305 2017 deest.
1356 1949 1478 2016 Sextus
1499 1945 1657 2016 decimus
1676 1946 1863 2041 quem>
1880 1949 2014 2015 Graece
2032 1946 2094 2018 ΙΖ
2106 1921 2309 2040 insignitur,
2335 1967 2447 2038 quum

431 2075 485 2148 IS
513 2097 587 2145 esse
621 2069 756 2142 debeat.
808 2073 860 2138 Ita
888 2092 954 2165 per
986 2073 1098 2138 tolum
1130 2066 1299 2166 reliquum
1331 2067 1458 2139 librum
1488 2067 1627 2138 numeri
1661 2067 1789 2136 Graeci
1821 2066 2107 2154 confunduntur3
2140 2068 2274 2134 Graeca
2308 2084 2377 2134 tres
2412 2082 2446 2132 et

431 2195 554 2294 viginti
579 2189 827 2291 quaterniones
851 2208 1057 2273 numerant,
1083 2190 1206 2260 Latina
1231 2209 1325 2260 recte
1350 2188 1389 2258 in
1415 2188 1553 2259 duobus
1578 2208 1614 2259 et
1639 2187 1760 2284 viginti
1785 2189 1986 2260 subsistunt.
2039 2185 2296 2280 Quatemiones
2323 2213 2445 2259 omnes

433 2318 561 2416 reliqui
586 2335 670 2388 octo
696 2312 788 2384 foliis
814 2329 991 2388 constant,
1016 2310 1143 2382 Latino
1168 2316 1256 2380 XXI
1282 2331 1449 2409 excepto,
1475 2310 1554 2407 qui,
1580 2309 1708 2380 ultimo
1728 2309 1815 2382 solio
1835 2327 2010 2395 exsecato,
2037 2329 2173 2407 septem
2198 2307 2446 2381 tantummodo

431 2443 545 2512 habet.
598 2435 690 2508 Folii
723 2432 874 2505 exsecati
906 2430 1073 2526 reliquiae
1100 2434 1322 2530 conspicuae.
1374 2436 1511 2502 Tamen
1532 2430 1623 2501 nihil
1648 2430 1764 2513 deest,
1796 2452 1831 2503 et
1855 2458 1933 2530 pag.
1961 2428 2034 2502 356
2060 2434 2164 2503 verba
2189 2427 2445 2499 accuratissime

429 2557 655 2662 praecedenti
680 2555 824 2657 paginae
851 2573 921 2623 tam
948 2552 1046 2647 quod
1073 2553 1116 2622 ad
1142 2553 1365 2638 sententiam,
1390 2579 1497 2648 quam
1522 2551 1620 2650 quod
1646 2552 1690 2622 ad
1716 2552 1833 2624 literas
1858 2552 2061 2628 cohaerent.
2113 2555 2231 2644 Quare
2249 2549 2375 2620 solium
2399 2551 2446 2620 ob

429 2685 575 2755 nimiam
600 2678 805 2750 tenuitatem
831 2694 866 2746 et
891 2672 1108 2768 fragilitatem
1134 2694 1311 2744 remotum
1336 2679 1410 2744 ess'e
1435 2674 1657 2745 crediderim.
1707 2680 1795 2744 Nam
1820 2674 1946 2746 lolium
1966 2671 2173 2772 parallelum
2197 2669 2246 2740 ita
2265 2667 2446 2740 iudicandi

429 2804 523 2876 viam
547 2801 649 2872 nobis
675 2814 937 2870 commonstrat.
989 2799 1071 2865 Post
1105 2793 1372 2889 quaternionem
1402 2795 1615 2868 vicesimum·
1638 2795 1854 2876 secuudum,
1888 2793 2160 2892 semiquatemio
2194 2791 2268 2862 sine
2292 2815 2444 2862 numero

432 2925 475 2995 ad
501 2919 758 3023 perficiendum
784 2917 1001 3013 evangelium
1026 2913 1167 2984 Ioannis
1193 2913 1353 2986 additum
1378 2937 1438 2987 est.

1343 3098 1376 3195 s·
1418 3095 1475 3167 2⁹-
1517 3167 1523 3178 .
1621 3135 1626 3144 ·

530 3239 593 3308 Vix
610 3261 755 3337 possum
773 3233 880 3318 ellari,
908 3250 1078 3328 quantum
1106 3229 1261 3312 doleam,
1289 3229 1387 3325 quod
1411 3230 1455 3301 de
1473 3233 1610 3303 Scotica
1626 3232 1708 3302 libri
1723 3232 1837 3301 nostri
1855 3231 2027 3329 scriptura
2041 3253 2116 3302 uon
2130 3229 2232 3301 valeo
2251 3229 2443 3300 accuratius

430 3367 559 3437 dicere.
615 3365 695 3431 Non
734 3357 829 3428 enim
867 3353 955 3424 mihi
989 3351 1156 3447 contigit,
1194 3350 1353 3422 adhibito
1386 3351 1561 3424 indefesso
1594 3352 1814 3449 quaeritandi
1842 3354 1979 3438 studio,
2020 3371 2060 3422 ut
2090 3351 2217 3423 Iacobt'
2246 3347 2447 3424 Anderson

430 3506 608 3584 syntagma
626 3477 908 3577 diplomaticum,
936 3499 1010 3570 quo
1027 3473 1163 3544 Scotiae
1181 3473 1488 3573 palaeographiam
1503 3473 1704 3553 illustravit,
1731 3499 1822 3571 opus
1838 3502 1858 3545 a
1875 3473 2123 3558 Munianus,
2149 3473 2281 3545 Eberto
2298 3473 2442 3569 aliisque

429 3607 660 3686 celebratum,
695 3598 822 3670 alicubi
846 3596 1089 3690 investigarem
1111 3615 1147 3664 et
1171 3594 1208 3664 in
1228 3621 1326 3666 meos
1353 3622 1436 3666 usus
1461 3615 1713 3668 converterem.
1765 3595 1912 3667 Interim
1935 3615 2051 3666 autem
2070 3594 2239 3693 praetuli,
2273 3594 2317 3663 de
2344 3594 2443 3665 omni

427 3726 495 3796 bac
521 3751 558 3795 re
584 3743 717 3806 tacere,
743 3747 849 3816 quam
875 3717 1022 3817 ineptias
1048 3716 1192 3787 effutire.

1369 3897 1402 3995 ς.
1442 3900 1499 3968 so.

525 4033 753 4108 similitudini
776 4031 909 4104 codicis
937 4033 1182 4129 Sangalleusis,
1217 4061 1323 4130 quam
1351 4033 1607 4104 accuratissime
1637 4033 1830 4134 archetypo
1859 4035 2078 4134 respondere¹
2101 4037 2296 4123 voluimus,
2332 4039 2443 4112 aliena

427 4157 556 4229 addere
583 4155 697 4253 iisque
725 4153 913 4250 imaginem
940 4152 1136 4226 deformare
1161 4180 1236 4226 non
1261 4155 1498 4229 sustinuimus.
1551 4157 1668 4248 Quare
1691 4183 1748 4241 ea,
1786 4183 1876 4253 quae
1904 4157 1960 4230 vel
1987 4157 2243 4231 dubitationem
2267 4161 2442 4233 lectorum

426 4302 568 4351 movere
584 4276 802 4357 viderentur,
827 4276 884 4348 vel
900 4299 989 4373 quae
1008 4302 1050 4347 ex
1068 4277 1218 4374 imagine
1238 4276 1326 4348 disci
1343 4303 1418 4349 non
1433 4297 1594 4376 possent,
1619 4278 1668 4348 ad
1684 4279 1816 4350 calcem
1831 4279 1913 4350 libri
1932 4280 2132 4360 adiecimus.
2184 4281 2261 4353 Erit
2276 4277 2440 4369 fortasse,

426 4401 489 4496 qui
508 4400 657 4471 nimium
677 4398 714 4468 in
735 4398 860 4470 haere
881 4397 985 4470 fuisse
1007 4425 1065 4470 me
1086 4397 1277 4488 existimet5
1303 4399 1370 4470 crit
1395 4399 1517 4486 cuam,
1544 4399 1674 4496 quide
1700 4401 1774 4471 aliis
1800 4403 1922 4490 etiam,
1949 4425 2038 4499 quae
2062 4423 2138 4472 non
2163 4401 2276 4498 tetigi,
2304 4405 2441 4475 moneri

425 4519 554 4620 cupiat.
606 4519 699 4590 Fieri
723 4544 797 4591 non
822 4539 956 4620 potest,
992 4541 1032 4592 ut
1056 4521 1095 4592 iu
1119 4520 1217 4593 bisce
1247 4523 1412 4594 omnibus
1435 4521 1644 4622 placeamus.
1696 4525 1830 4596 Tamen
1861 4525 1973 4597 nimio
2006 4546 2113 4621 mam
2146 4524 2324 4595 contrario
2357 4549 2446 4624 pec-¹

425 4662 503 4710 care
530 4639 647 4710 malui.

1368 4815 1404 4915 §.
1438 4813 1495 4881 31.

521 4962 641 5032 Unum
652 4957 738 5062 ipse
761 4957 910 5035 editioni
932 4958 1069 5036 codicia
1089 4962 1230 5050 addidi,
1257 4961 1356 5060 quod
1379 4964 1418 5034 in
1438 4961 1563 5035 codice
1576 4955 1663 5064 'ipso
1681 4985 1757 5038 non
1781 4985 1844 5036 est.
1894 4962 2034 5037 Adiecti
2051 4985 2134 5040 sunt
2156 4991 2275 5038 versus
2294 4909 2442 5065 Stepha-

422 5080 533 5162 niani,
559 5080 695 5154 adiecta
711 5082 817 5155 etiam
838 5084 952 5184 capita
971 5085 1105 5156 usitata.
1156 5087 1395 5159 Necessarium
1412 5087 1484 5160 boc
1500 5086 1647 5161 omnino
1667 5087 1868 5174 videbatur,
1894 5109 1935 5161 ut
1951 5088 2041 5162 bber
2058 5086 2210 5160 habilior
2227 5087 2307 5158 turri
2324 5087 2435 5160 fieret.
