5240 6318
640 527 703 592 DE
726 525 943 606 CARMINE
964 525 1142 592 llILARll
1162 523 1492 594 PICTAVlENSIS
1535 525 1641 596 CAP.
1666 527 1763 596 Vlll.
2163 531 2211 595 Ll

166 672 234 782 ab
259 709 406 808 antiquo
430 708 574 783 Scotico
598 706 799 782 charactere
824 705 1060 806 aliquantum,
1094 706 1255 810 inprimis
1279 695 1448 784 tenuitate
1473 708 1655 783 literarum
1678 709 1857 784 recedens.
1909 709 1977 783 Sed
2004 711 2211 809 quantiam

191 830 348 904 iuniores
373 830 440 903 hac
464 829 637 930 scriptura
661 849 860 914 uterentur,
886 831 1041 904 seniores
1067 831 1105 910 in
1131 831 1274 930 antiqua
1298 830 1535 932 perstiterunt.
1587 832 1792 936 Explicatur
1816 834 1876 918 ita,
1907 833 2006 933 quod
2032 835 2211 934 antiquior

190 952 370 1028 literarum
394 954 508 1028 sonna
540 953 644 1027 iniis
669 955 757 1028 locis
784 953 975 1056 reperitur,
1015 981 1058 1027 ex
1090 953 1218 1056 quibus
1243 954 1439 1054 colligitur,
1477 953 1586 1030 serius
1620 956 1750 1057 scripta
1776 956 1976 1045 entheae,
2018 983 2125 1058 quam
2150 983 2208 1044 ea,

193 1103 281 1175 quae
307 1077 445 1152 iuniore
471 1077 671 1152 charactere
697 1097 844 1152 exstant.

959 1316 1466 1348 ··---—-----·

1013 1495 1044 1574 C
1071 1499 1111 1574 A
1136 1495 1183 1576 P.
1252 1495 1389 1578 VIII.

523 1693 624 1772 lm
666 1691 986 1774 CARMINE
1030 1691 1326 1772 nlnnltn
1360 1691 1878 1774 Plcn'nvlntttSIS.

1124 2100 1157 2198 ς.
1186 2100 1267 2172 127.

289 2245 340 2310 De
367 2239 521 2314 carmine
549 2236 672 2309 Hilarii
696 2234 877 2322 nondum,
913 2258 1084 2333 quantum
1109 2236 1199 2308 mihi
1224 2237 1369 2334 quidem
1393 2239 1566 2323 innotuit,
1596 2238 1709 2325 edito,
1746 2241 1844 2338 quod
1870 2241 1908 2312 in
1934 2241 2067 2315 codicis
2092 2245 2208 2317 fronte

190 2362 297 2446 vides,
324 2362 420 2436 idem
445 2360 552 2444 valet,
579 2359 676 2457 quod
702 2359 740 2431 in
765 2359 903 2432 Hilarii
926 2359 1082 2432 editione
1108 2357 1332 2432 benedictina
1358 2358 1402 2432 de
1430 2359 1505 2432 eius
1515 2359 1554 2460 ²3)
1581 2360 1617 2431 in
1643 2360 1798 2434 Genesin
1824 2364 1977 2438 carmine
2003 2365 2129 2462 legitur
2154 2365 2209 2437 his
2248 2339 2251 2346 Ι

190 2486 325 2558 verbis:

291 2605 408 2706 [„hoc
434 2610 590 2706 carmen]
618 2607 757 2679 videtur
781 2606 915 2709 primus
940 2628 1067 2709 poetae
1094 2625 1258 2690 conatus,
1293 2631 1434 2677 carmen
1459 2631 1534 2677 non
1560 2627 1630 2678 tam
1656 2606 1837 2679 scribentis
1865 2634 1973 2704 quam
1997 2608 2207 2694 meditantis,

191 2729 288 2829 quod
315 2729 447 2825 ubique
480 2725 689 2802 foedissimis
723 2750 832 2802 scatet
866 2729 986 2802 erratis
1019 2728 1115 2800 etin
1141 2753 1214 2826 quo
1240 2725 1297 2800 vix
1322 2727 1414 2800 ullae
1441 2727 1544 2799 metri
1568 2729 1662 2824 leges
1688 2733 1905 2811 observatae,
1942 2731 2063 2828 plures
2089 2756 2207 2802 versus

190 2879 264 2928 non
290 2851 459 2936 absoluti,
486 2851 543 2946 vix
567 2851 643 2950 ipsa
669 2849 819 2921 delibata
844 2850 1004 2922 materies
1012 2867 1031 2896 ‘⁸
1045 2848 1118 2948 au),

288 2980 367 3044 Iure
394 2972 591 3058 dubitatur,
623 2998 776 3061 ‚carmen
805 2993 967 3046 nostrum
998 2972 1222 3044 Pictaviensis
1254 2996 1339 3044 esse.
1391 2977 1478 3044 Fere
1512 2970 1608 3044 solus
1634 2972 1729 3044 enim
1754 2972 1968 3070 antiquitatis
1993 2973 2208 3046 Christianae

189 3095 427 3193 hymnologus
453 3094 714 3170 existimabatur
729 3095 825 3196 aas),
877 3093 981 3168 Unde
1008 3093 1050 3166 ad
1077 3094 1177 3166 illum
1203 3119 1293 3192 quae
1318 3093 1393 3166 sine
1419 3095 1565 3167 nomine
1590 3095 1854 3193 reperiebantur
1879 3095 2049 3181 carmina,
2089 3097 2209 3168 referri

190 3238 458 3290 consueverunt.

288 3340 461 3412 Tironum
487 3341 524 3412 in
548 3342 710 3439 gratiam,
737 3345 841 3414 verba
867 3340 1029 3413 carminis
1054 3367 1074 3412 a
1099 3339 1293 3441 typothetis
1319 3337 1511 3440 repetenda
1537 3336 1631 3411 duri.
1683 3344 1771 3413 Sunt
1796 3359 1914 3411 autem
1937 3315 2042 3412 haec:

667 3481 805 3546 Carmen
826 3479 933 3544 hilarii
953 3479 1147 3562 pictavensis
1168 3478 1313 3560 episcopi
1335 3482 1373 3542 tle
1395 3478 1564 3562 cvangelio

668 3584 818 3649 Christus
838 3583 892 3646 hic
912 3586 1009 3648 floret
1036 3588 1136 3650 decor
1157 3582 1184 3646 is
1205 3582 1343 3667 sonsque
1364 3582 1514 3663 perennis

665 3689 758 3750 Hunc
780 3699 950 3771 postquam
974 3690 1076 3752 verbo
1098 3698 1289 3768 conceptura
1310 3686 1448 3750 ntrrttinis
1471 3684 1526 3748 alti

667 3794 767 3854 Plena
790 3795 850 3854 deo
872 3789 969 3876 virgo
991 3803 1084 3854 utero
1105 3803 1154 3854 est
1174 3791 1266 3854 enixa
1290 3790 1409 3870 pudico

669 3895 865 3976 Effulsitque
886 3915 989 3957 novus
1011 3893 1107 3956 terris
1128 3893 1341 3974 gaudentibus
1362 3892 1465 3956 iulans

663 4001 817 4064 Protinus
839 3996 983 4079 implevit
1003 4009 1105 4060 toturn
1128 3995 1182 4058 lux
1205 3995 1326 4058 clarior
1348 3998 1459 4058 orbern
1621 3997 1639 4056 5

668 4083 817 4182 Desuper
839 4113 924 4164 astra
946 4099 1017 4180 pios
1039 4101 1078 4176 †)
1099 4097 1221 4162 iulrlant
1241 4097 1417 4178 spectantia
1442 4097 1545 4162 vultus

668 4207 777 4289 Atque
798 4208 895 4266 decus
915 4216 1003 4269 tuuttt
1025 4204 1084 4266 iarn
1106 4202 1201 4266 terris
1223 4200 1343 4265 invidet
1364 4204 1474 4266 actlter

666 4310 712 4374 At
733 4308 827 4371 tellus
848 4305 955 4372 rideas
976 4308 1110 4372 laetatur
1131 4305 1274 4390 genuine
1296 4326 1390 4368 sacro

665 4411 796 4496 Spargit
816 4414 945 4476 huntam
967 4411 1063 4477 violis
1084 4411 1188 4474 alieno
1210 4405 1355 4491 tempore

666 4517 774 4579 Aurea
796 4536 978 4598 purpureos
999 4514 1156 4580 submittit
1176 4512 1297 4594 cespite
1317 4515 1416 4576 flores
1597 4518 1636 4578 10

255 4780 304 4945 ll)
347 4871 403 4933 Cl.
427 4870 579 4953 prolegg.
603 4890 676 4949 cap.
699 4869 737 4930 tle
759 4879 890 4930 externa
909 4818 987 4926 libri
1008 4865 1103 4928 lucie.

236 4963 305 5042 m)
347 4964 405 5028 Cl.
427 4963 686 5025 Itttlott'deccll.
711 4962 815 5025 office.
840 4967 875 5036 1,
898 4963 929 5022 ὑ.
962 4957 1070 5031 (Bibl.
1094 4959 1235 5040 magd(
1240 4979 1349 5040 pag.
1372 4959 1442 5022 18't.
1465 4960 1510 5033 e.)
1547 4954 1846 5020 elucescente
1868 4957 1936 5022 tllv.
1959 4959 2064 5025 office.
2088 4961 2202 5042 (Bibl.

348 5079 432 5142 tnag.
456 5059 502 5119 X.
525 5077 601 5138 pag.
623 5058 694 5119 978.
717 5059 763 5129 c.)
804 5049 1815 5133 emmanuel.cxxxv11.(ttitt.meg.ttoe.o.)

269 5154 306 5228 †)
348 5152 481 5236 Signum
504 5155 681 5233 superpiae
699 5149 837 5231 potitum
859 5147 1018 5231 significat
1037 5149 1089 5208 uel.
1143 5145 1248 5208 Etiam
1271 5145 1325 5209 bic
1345 5144 1538 5225 singularem
1560 5164 1717 5225 reponere
1739 5144 1880 5210 voluisse
1904 5147 2202 5226 videturlibrarius,

349 5259 383 5308 ut
405 5267 501 5330 super
520 5249 623 5306 outae.
664 5245 726 5307 Sed
749 5241 851 5308 hiatus
870 5263 942 5310 tutu
964 5239 1131 5304 retinuisse
1155 5237 1293 5302 videtur.

1662 5345 1678 5401 7
1701 5339 1718 5371 Ι
