5240 6318
677 347 843 415 CODEX
863 345 1079 415 PLURIUM
1100 343 1373 412 SCRIBARUM
1395 343 1527 409 OPUS.
1570 341 1675 409 CAP.
1695 345 1758 409 tlt.
2128 351 2233 414 xvn

176 532 380 606 Matthaeo
407 533 528 614 tertius
553 551 744 604 accesserat
772 531 830 605 vel
857 529 996 617 viridis,
1038 529 1095 604 vel
1124 529 1315 617 violaceus,
1349 527 1413 625 qui
1440 526 1619 628 posterior
1644 547 1680 598 et
1708 525 1747 597 in
1774 529 1872 600 Luca
1897 548 1934 600 et
1961 534 2094 602 Ioanne
2128 531 2230 604 redit.

177 658 267 726 Nec
299 656 361 753 qui
385 657 530 730 nomine
547 649 667 728 etiam
692 654 864 755 adspectu
888 655 999 730 iidem
1023 674 1106 726 sunt
1131 652 1282 748 colores.
1335 658 1377 722 In
1401 659 1523 724 Marco
1554 651 1648 723 enim
1666 654 1772 724 ruber
1796 650 1900 725 color
1927 650 1971 723 ad
1997 653 2136 726 firscum
2161 658 2234 727 fere

178 779 346 852 accedit.
399 787 580 856 Postremo
615 779 727 852 sorma
753 779 859 852 etiarn
892 805 981 878 quae
1008 778 1139 851 dicitur
1164 777 1350 877 quadrata,
1383 802 1459 851 non
1494 774 1641 874 quidem
1674 774 1815 849 chartae
1849 796 1886 849 at
1917 801 2004 849 vero
2029 775 2233 874 scriptionis

176 922 366 976 mutatur.
416 910 485 976 Ista
518 903 612 975 enim
644 904 759 976 sonna
790 903 959 1002 quadrata
988 928 1054 1002 per
1087 903 1244 1002 aequale.
1266 902 1407 974 chartae
1441 899 1595 1002 spatium
1622 898 1661 970 in
1686 899 1908 972 altitudinem
1933 899 2156 984 extenditur,
2194 899 2231 970 in

176 1024 383 1100 latitudine
410 1055 496 1101 vero
521 1055 541 1098 a
565 1053 728 1100 mensura
753 1027 921 1100 Matthaei
947 1048 1025 1101 tcto
1053 1026 1204 1100 dimidio
1231 1025 1343 1125 digito
1369 1029 1476 1098 abest.

1144 1193 1180 1284 s.
1218 1191 1275 1264 aa.

301 1330 497 1401 Literarum
525 1327 740 1427 singularum
768 1331 897 1402 formas
925 1329 963 1400 in
988 1331 1192 1404 universum
1221 1329 1437 1428 reliquarum
1463 1347 1578 1400 textus
1608 1328 1765 1427 partium
1790 1327 1912 1400 formis
1938 1327 2131 1400 simillimas
2157 1349 2243 1399 esse·

181 1452 404 1552 reperimus.
457 1457 544 1525 Sunt
564 1452 659 1525 enim
676 1452 835 1526 eiusdem
854 1453 996 1528 scholae
1018 1454 1092 1526 filii.
1144 1457 1279 1526 Tamen
1301 1476 1420 1526 autem
1436 1475 1471 1526 et
1494 1452 1622 1524 harum
1642 1450 1739 1522 hand
1761 1452 1884 1550 exigua
1901 1450 2091 1541 diveisitas.
2144 1455 2232 1520 Nam

181 1575 229 1646 in
250 1575 434 1650 Matthaeo
454 1574 631 1676 pleniores
647 1598 683 1650 et
699 1578 901 1661 crassiores,
927 1578 965 1648 in
980 1585 1102 1651 Marco
1120 1605 1232 1676 usque
1249 1577 1292 1650 ad
1309 1605 1388 1678 pag.
1410 1579 1493 1667 174.
1511 1576 1729 1674 graciliorem
1755 1576 1793 1646 in
1809 1575 1989 1648 Matthaeo
2007 1574 2051 1645 ad
2071 1573 2230 1645 dextram

174 1700 223 1772 in
266 1707 392 1772 Marco
421 1698 464 1771 ad
496 1700 670 1774 sinistram
697 1701 958 1801 propensiores
1008 1702 1078 1773 Sed
1105 1729 1124 1772 a
1149 1728 1228 1801 pag.
1262 1702 1343 1792 174.
1378 1700 1483 1773 etiam
1510 1700 1548 1771 in
1578 1707 1699 1774 Marco
1729 1700 1773 1770 ad
1800 1699 1962 1772 dextram
1988 1697 2228 1798 propendent.

181 1826 312 1895 Porro
334 1821 487 1920 singulae
504 1823 626 1896 literae
649 1826 815 1924 singulari
833 1825 956 1899 habitu
979 1825 1074 1927 apud
1096 1833 1256 1896 Marcum
1279 1824 1525 1924 insigniuntur.
1577 1822 1695 1923 Alpha
1719 1823 1852 1894 initiale
1876 1826 1919 1896 ab
1941 1843 2090 1920 utraque
2113 1822 2227 1893 forma

183 1947 352 2033 recedit,
378 1974 484 2044 quam
502 1947 540 2018 in
556 1949 735 2021 Matthaeo
756 1950 1025 2023 observavimus.
1068 1949 1193 2049 'Alpha
1209 1950 1326 2020 minus
1342 1948 1503 2049 pleniore
1522 1948 1560 2018 in
1578 1955 1700 2019 Marco
1721 1965 1843 2020 ventre
1863 1945 2009 2044 gaudet,
2037 1946 2226 2018 rotundius

183 2091 259 2142 est.
312 2070 447 2141 Literae
468 2069 641 2167 quaedam
655 2073 694 2144 in
713 2078 835 2144 Marco
850 2072 1029 2170 longiores
1045 2094 1127 2144 sunt
1148 2099 1256 2169 qnam
1275 2071 1427 2144 latiores.
1480 2075 1656 2142 Accentus
1675 2091 1710 2142 et
1730 2069 1891 2171 spiritus,
1918 2095 2073 2165 qnorum
2089 2069 2127 2139 in
2146 2091 2224 2141 toto

182 2194 377 2267 Matthaeo
393 2193 540 2265 unicum
556 2194 757 2292 vestigium,
782 2195 820 2268 in
836 2196 947 2269 Marci
962 2196 1065 2268 initio
1082 2195 1220 2296 saepius
1237 2195 1515 2295 conspiciuntur.
1556 2197 1691 2266 Tamen
1707 2193 1796 2266 etin
1812 2200 1934 2265 Marco
1953 2216 2037 2264 mox
2054 2215 2224 2291 apparere

185 2315 384 2389 desinunt:
426 2321 468 2386 In
486 2315 772 2390 adnotationibus
792 2318 836 2389 ad
853 2319 1004 2417 singulas
1022 2317 1131 2390 lineas
1148 2319 1252 2418 plura
1268 2319 1422 2418 reperies
1439 2318 1640 2416 significata.
1693 2318 1747 2396 Cf.
1765 2343 1843 2416 pag.
1865 2315 1947 2388 132.
1966 2316 2034 2388 col.
2057 2317 2089 2386 1.
2106 2313 2168 2386 lin.
2187 2315 2221 2384 6.

170 2467 276 2553 ¹pag.
307 2442 390 2512 155.
416 2439 479 2511 lin.
505 2440 541 2512 2.
568 2459 604 2511 et
629 2442 663 2512 7.
692 2444 750 2512 10.
779 2441 836 2514 15.
862 2467 940 2542 pag.
959 2444 1040 2534 154.
1067 2441 1142 2514 init.
1169 2469 1249 2542 pag.
1277 2439 1359 2512 155.
1386 2442 1460 2513 init.
1487 2469 1566 2542 pag.
1588 2441 1670 2512 156.
1698 2461 1783 2514 extr.
1810 2467 1888 2540 pag.
1917 2441 2002 2529 145.
2030 2440 2090 2509 lin.
2120 2439 2153 2508 7.
2180 2464 2222 2508 ss.

1136 2608 1170 2707 ς.
1209 2609 1270 2696 40.

297 2747 417 2810 Restat
443 2758 484 2807 nt
513 2739 698 2832 singularia
729 2737 902 2832 quaedam
930 2757 1150 2842 moneantur.
1202 2749 1299 2811 Inter
1330 2767 1371 2812 ea
1403 2743 1559 2840 primum
1587 2742 1626 2812 in
1654 2743 1779 2814 oculos
1811 2743 1982 2827 incurrit,
2020 2743 2119 2842 qnod
2150 2744 2221 2814 fere

188 2865 337 2940 nullum
360 2860 398 2930 in
420 2864 542 2930 Marco
564 2858 777 2930 vocabulum
797 2858 897 2929 cuius
920 2859 999 2932 finis
1022 2886 1098 2933 non
1123 2863 1168 2933 sit
1191 2882 1327 2964 puncto
1352 2863 1519 2938 munitus.
1571 2870 1651 2939 Hoc
1674 2891 1740 2965 per
1764 2865 1829 2938 tria
1855 2864 1921 2936 alia
1946 2863 2125 2962 evangelia
2149 2889 2224 2935 non

189 2989 301 3062 redit.
349 2981 485 3055 Deinde
508 2979 613 3052 etiam
635 2978 708 3053 hoc
728 2981 828 3054 facile
852 2984 1073 3072 observatur,
1100 2985 1198 3083 quod
1225 2987 1500 3083 quaternionum
1525 2989 1667 3059 numeri
1689 3008 1761 3059 tarn
1785 2989 1913 3059 Graeci
1938 3013 2046 3084 quarn
2071 2986 2222 3057 Romani

190 3112 309 3186 serius
335 3105 447 3180 additi
478 3123 578 3191 sunt,
613 3103 712 3202 quod
737 3109 921 3180 atramenti
946 3107 1048 3182 color
1073 3108 1190 3180 docet.
1240 3109 1358 3179 Minus
1383 3109 1484 3180 facile
1510 3108 1702 3208 reperitur,
1729 3108 1828 3206 quod
1854 3107 1955 3178 litera
1979 3112 2017 3180 C.
2044 3133 2221 3204 nusquam

191 3237 236 3304 in
265 3254 343 3305 toto
370 3236 493 3301 Marco
520 3245 645 3316 exstat,
683 3249 719 3300 ct
738 3231 855 3302 statim
880 3231 987 3304 altera
1011 3230 1152 3330 pagina·
1163 3236 1279 3303 Lucae
1303 3209 1451 3330 legitur,
1485 3258 1563 3332 pag.
1593 3232 1675 3306 196.
1726 3233 1844 3304 Minus
1867 3231 1968 3304 facile
1996 3235 2222 3314 observatur,

194 3353 299 3454 quod
331 3349 584 3451 compendium
622 3348 799 3422 scribendi
828 3373 870 3447 ps
899 3352 937 3423 in
965 3373 1043 3426 toto
1072 3361 1193 3427 Marco
1220 3382 1295 3429 non
1315 3376 1435 3430 exstat.
1489 3355 1525 3418 Γ
1548 3377 1675 3429 contra
1701 3357 1739 3428 in
1759 3357 1838 3430 solo
1862 3363 1984 3429 Marco
2009 3353 2091 3455 plus
2116 3381 2222 3450 quam

195 3475 405 3578 quadragies
427 3474 572 3571 legitur,
597 3473 635 3544 in
656 3492 734 3546 toto
757 3473 897 3572 reliquo
920 3474 1012 3550 libro
1038 3476 1178 3550 circiter
1202 3478 1330 3552 decies.
1385 3479 1477 3549 Tin
1502 3480 1580 3551 solo
1606 3487 1728 3552 Marco
1753 3479 1889 3580 paginis
1913 3478 2036 3576 viginti
2062 3477 2219 3560 duabus,

192 3602 236 3671 in
252 3598 396 3696 singulis
411 3596 562 3696 pluries,
588 3596 780 3696 reperitur,
808 3597 917 3670 octies
934 3601 1181 3674 tantummodo
1199 3603 1237 3674 in
1252 3603 1450 3689 Matthae0,
1467 3602 1654 3701 quinquies
1669 3605 1706 3673 in
1723 3608 1819 3674 Luca
1835 3621 1871 3674 et
1887 3607 2030 3673 Ioanne.
2073 3601 2218 3695 Signum

115 3793 123 3802 ,
194 3724 370 3808 zimerto
392 3743 605 3816 unusquam
628 3719 666 3790 in
690 3727 811 3791 Marco
838 3741 900 3792 est.

1138 3885 1175 3980 s.
1213 3890 1272 3973 c.

299 4029 379 4094 Non
401 4014 545 4116 quidem
563 4042 683 4087 meum
703 4038 754 4088 est
773 4015 945 4088 hocloco
966 4016 1127 4089 criticum
1149 4044 1260 4117 agere.
1311 4025 1357 4091 At
1371 4045 1455 4093 vero
1474 4022 1505 4108 si
1527 4042 1560 4093 te
1579 4047 1654 4094 non
1671 4023 1776 4093 suerit
1792 4040 1991 4120 pertaesum
2016 4037 2217 4091 contextam

197 4150 397 4226 orationem
422 4141 535 4241 ipsam
564 4135 760 4236 inspicere,
804 4157 839 4209 et
872 4164 955 4210 cum
984 4139 1197 4215 editionibus
1226 4143 1355 4215 criticis
1385 4165 1457 4217 tam
1482 4144 1650 4220 Matthaei
1681 4171 1788 4242 quam
1816 4144 1927 4214 Marci
1956 4141 2072 4239 aliqua
2103 4119 2218 4241 capita

196 4271 378 4354 conferre,
395 4287 562 4361 magnum
578 4280 613 4332 te
631 4257 820 4333 discrimen
835 4288 910 4336 non
927 4263 1064 4352 latebit,
1082 4266 1182 4363 quod
1196 4265 1289 4339 inter
1304 4266 1466 4342 criticum
1481 4268 1650 4342 Matthaei
1666 4290 1702 4342 et
1715 4267 1825 4340 Marci
1841 4267 2001 4338 habitum
2016 4261 2213 4336 intercedit.

168 4463 174 4472 ,
195 4397 234 4471 si
250 4395 345 4469 enim
361 4386 532 4491 repereris
547 4384 585 4455 in
597 4380 774 4457 Matthaeo
790 4407 952 4460 nostrum
968 4414 1034 4488 per
1050 4387 1200 4486 singulas
1211 4391 1354 4491 paginas
1370 4393 1478 4463 semel
1493 4392 1588 4466 bisve
1605 4418 1687 4464 cum
1703 4391 1871 4463 Vaticano
1889 4387 1994 4458 1209.
2012 4385 2212 4469 convenire,

194 4516 237 4598 in
260 4523 382 4588 Marco
401 4510 530 4592 sexies,
562 4506 679 4579 decies
703 4505 759 4578 vel
779 4508 912 4606 planias
932 4511 1022 4585 adeo
1043 4512 1086 4584 ad
1110 4509 1264 4584 eundem
1284 4534 1320 4584 et
1342 4518 1372 4584 L
1394 4514 1457 4610 qui
1476 4512 1635 4610 insigniri
1658 4514 1767 4598 solet,
1795 4507 1961 4581 accedere
1984 4506 2118 4580 videbis
2125 4538 2136 4597 ;
2175 4507 2213 4578 in

197 4642 242 4716 iis
267 4659 384 4714 antem
409 4631 640 4720 sectionibus,
667 4655 756 4730 quae
781 4649 864 4732 post
888 4633 1049 4730 paginam
1077 4636 1148 4727 174
1171 4635 1355 4733 leguntur,
1381 4637 1589 4736 saepissime.

1136 4798 1170 4897 s·
1205 4798 1266 4889 42·
2066 4879 2073 4892 .

294 4941 356 5014 His
386 4936 550 5011 omnihus
582 4934 647 5007 rite
682 4934 845 5036 expensis
874 4927 1048 5014 adducor,
1082 4951 1123 5002 ut
1146 4935 1308 5021 credam,
1345 4932 1563 5030 evangelium
1587 4931 1698 5006 Marci
1724 4930 1915 5031 quodiam
1944 4950 2069 5007 nostro
2093 4925 2213 5003 codici

197 5085 368 5155 insertum
390 5081 460 5148 est,
492 5077 553 5130 aut
577 5058 763 5158 separatim
784 5083 851 5160 per
872 5055 963 5128 duos
985 5052 1144 5127 librarios
1170 5057 1341 5158 scriptum
1363 5081 1453 5143 esse,
1486 5075 1528 5128 ut
1553 5054 1726 5154 singulare
1753 5053 1921 5128 volumen
1948 5055 2133 5141 efficeret,
2153 5065 2222 5126 aut'

307 5201 397 5266 noue.
417 5197 594 5260 masana
1659 5180 1678 5243 8
