5240 6318
820 367 1060 434 notrtottts
1083 365 1359 434 CONSILIUM.
1402 361 1510 426 CAP.
1532 363 1579 424 lt.
2159 359 2212 422 xt

1147 550 1183 650 §-
1220 545 1278 616 aa.

286 685 483 764 Literarum
506 685 663 784 ipsarum
688 703 760 754 tam
779 681 929 755 altitudo
950 709 1058 779 quarn
1077 681 1228 756 latitudo
1249 683 1380 754 mutim
1399 681 1438 751 in
1452 677 1602 750 modum
1622 677 1741 749 variat.
1792 680 1961 746 Normam
1976 674 2031 746 vel
2053 674 2210 772 regulam

186 809 231 880 ad
257 835 364 905 quam
387 807 490 878 istam
513 805 743 878 variationem
765 804 904 901 exigere
922 829 1084 902 possem,
1110 831 1184 877 non
1200 805 1330 880 inveni.
1368 803 1519 877 Evolvas
1537 800 1707 900 exempli,
1735 798 1834 896 quod
1856 797 1895 868 in
1914 797 2073 870 manibus
2089 797 2208 881 babes,

185 929 328 1026 paginas
351 923 563 1022 trigesimam
598 947 634 997 et
666 927 879 1024 trigesimam
909 926 1063 1025 primam
1086 946 1123 997 et
1147 952 1344 1027 componas
1369 951 1452 998 cum
1475 921 1612 1023 paginis
1630 920 1853 1018 'octogesima
1877 915 1973 989 sexta
1997 939 2034 989 et
2058 943 2209 1014 sequen-

185 1049 295 1129 tibus,
320 1049 351 1119 si
373 1058 451 1120 rem
476 1047 560 1131 tibi,
584 1066 626 1118 ut
650 1066 720 1129 est,
745 1047 848 1148 cupis
874 1047 1063 1120 informare
1089 1048 1315 1144 cogitatione.

1133 1209 1263 1309 §.aa
1331 1192 1338 1202 '
1470 1177 1475 1186 ’

221 1451 224 1456 1
286 1355 330 1419 ln
354 1346 474 1444 quavis
499 1346 571 1416 sere
595 1345 689 1416 linea
703 1371 810 1416 unam
834 1344 997 1444 pluresve
1011 1347 1128 1418 literas
1145 1348 1321 1448 conspicis
1337 1348 1450 1448 duplo
1466 1346 1610 1443 reliquis
1627 1345 1788 1418 maiores.
1837 1349 1909 1418 Hae
1926 1343 2105 1416 coloribus
2123 1356 2205 1409 sunt

188 1467 440 1547 omataeflavo,
456 1470 586 1550 rubro„
592 1464 764 1552 violaceo,
780 1466 896 1538 viridi.
933 1468 1102 1565 Apagina
1110 1468 1194 1540 inde
1211 1470 1476 1568 quadragesima
1489 1496 1584 1541 nona
1593 1469 1696 1540 color
1704 1468 1834 1550 viridis,
1853 1487 2025 1564 quantum
2038 1461 2205 1561 equidem

189 1589 382 1670 observavi,
396 1612 471 1657 non
486 1587 597 1671 redit,
608 1587 677 1657 nisi
692 1588 731 1656 in
746 1593 862 1658 Lucae
881 1589 999 1660 tabula
1017 1590 1262 1686 generationis.
1312 1598 1354 1662 In
1373 1599 1494 1662 Marco
1513 1584 1619 1660 etiam
1636 1588 1814 1662 violaceus
1834 1588 1950 1675 deest,
1977 1585 2092 1684 quiin
2108 1589 2204 1656 Luca

189 1709 317 1781 deinde
335 1729 371 1779 et
382 1713 513 1779 Ioanne
527 1706 646 1778 denuo
661 1707 888 1804 conspicitur.
923 1714 1105 1781 Praeterea
1116 1735 1239 1784 omnes
1250 1711 1450 1784 sectionum
1461 1711 1718 1810 inscriptiones,
1740 1709 1923 1781 altioribus
1939 1707 2084 1781 eaedem
2095 1705 2204 1776 literis

190 1829 419 1929 conspicuae,
452 1829 631 1900 coloribus
655 1828 905 1925 insigniuntur,
937 1851 979 1900 ut
1002 1852 1038 1901 et
1061 1832 1258 1903 numerales
1282 1832 1402 1902 literae
1427 1836 1582 1902 Graecae
1608 1855 1698 1925 quae
1723 1830 1898 1900 indicibus
1924 1849 2077 1926 quatuor
2102 1850 2206 1896 evan-

189 1951 362 2047 geliorum
385 1973 464 2048 pag.
492 1949 550 2020 19.
578 1949 636 2018 20.
664 1949 722 2018 21.
750 1949 832 2019 131.
861 1949 944 2020 152.
973 1950 1055 2022 191.
1085 1950 1166 2023 192.
1195 1952 1278 2025 193.
1306 1955 1388 2024 316.
1414 1953 1587 2052 praefixae
1612 1971 1711 2036 sunt,
1737 1951 1894 2047 itemque
1910 1950 2031 2022 literae
2053 1946 2202 2018 initiales

189 2070 435 2169 capitulorum.
485 2073 626 2140 Praeter
647 2070 942 2142 consuetudinem
963 2092 1034 2152 est,
1061 2070 1160 2169 quod
1181 2095 1437 2170 nonnunquam
1459 2076 1680 2152 observatur,
1706 2095 1776 2143 vox
1797 2070 1908 2142 minio
1932 2094 2032 2140 mero
2056 2085 2200 2138 exarata.
2314 2083 2317 2092 ·

188 2197 230 2263 In
255 2192 375 2292 primo
407 2189 637 2288 quaternione
669 2215 748 2287 pag.
774 2189 808 2260 5.
840 2193 946 2261 verba
977 2192 1070 2261 initii
1097 2195 1247 2264 ΒΕΛΤΟ
1272 2199 1418 2266 PAPAE
1441 2197 1627 2266 omisso
1651 2195 1934 2266 HIERONIMUS
1962 2190 2073 2262 minio
2098 2187 2202 2286 picta.

188 2319 266 2409 Pag.
285 2315 321 2383 7.
346 2314 467 2383 verba:
494 2311 543 2382 Iu
563 2339 696 2383 canone
720 2313 752 2382 1.
778 2313 994 2385 concordant
1011 2327 1190 2412 quattuor,
1216 2317 1254 2384 in
1270 2317 1422 2387 soeundo
1439 2329 1521 2400 tres,
1547 2321 1586 2385 in
1606 2317 1705 2385 tero'o
1724 2325 1791 2383 tres
1810 2325 1869 2383 cel.
1886 2312 1924 2382 iu
1938 2311 2071 2382 decimo
2092 2305 2136 2379 P.
2152 2349 2204 2364 -

189 2438 369 2502 Praeterea
385 2431 506 2502 literae
515 2431 673 2502 'initiales
690 2431 878 2502 nominum
895 2433 1194 2530 evangelistarum.
1244 2441 1322 2532 Pag.
1345 2435 1402 2507 15.
1424 2457 1500 2507 tota
1519 2437 1634 2535 prima
1652 2437 1745 2506 linea
1764 2433 1893 2517 minio,
1921 2451 1961 2502 ut
1979 2451 2015 2501 et
2038 2449 2201 2502 extrema.

189 2559 268 2648 Pag.
296 2554 354 2624 16.
386 2554 473 2623 item
499 2554 617 2652 prima
647 2554 750 2624 linea.
801 2559 985 2625 Caeterum
1016 2581 1082 2654 per
1114 2575 1230 2625 totum
1260 2555 1390 2626 librum
1419 2557 1457 2625 in
1488 2557 1567 2654 ipso
1593 2555 1719 2626 ordine
1744 2579 1910 2624 versuum
1933 2549 2042 2622 semel
2067 2568 2203 2619 tantum

189 2697 314 2744 vocem
341 2674 483 2769 plenam
516 2673 627 2743 mimo
647 2673 780 2771 pictam
804 2677 987 2746 observare
1016 2701 1073 2746 me
1099 2677 1259 2761 memini,
1286 2681 1386 2776 (pag.
1412 2678 1479 2759 33,
1507 2675 1587 2772 15.)
1612 2707 1784 2768 apogeum.
1833 2676 1946 2746 Minio
1971 2699 2071 2746 mero
2097 2671 2203 2740 etiam

187 2799 320 2893 scripta
347 2813 430 2862 suut
461 2793 567 2860 verba
589 2819 677 2860 aare
697 2797 904 2875 Mardum,
922 2819 1010 2864 κατα
1030 2801 1191 2886 Meam,
1210 2825 1299 2867 aare
1318 2807 1474 2878 Aoum,
1492 2827 1580 2869 aare
1600 2807 1766 2884 Ιωαηην,
1799 2821 1906 2891 quae,
1939 2792 2094 2890 exceptis
2117 2816 2204 2887 pau-

189 2913 338 2986 cissimis
361 2911 474 2982 Marei
497 2911 592 2984 soliis
615 2933 706 3006 quae
730 2909 773 2978 iis
796 2910 903 3007 plane
928 2932 1064 2995 carent,
1090 2933 1127 2982 et
1150 2913 1273 3010 paucis
1289 2915 1474 2994 Matthaei,
1499 2915 1538 2983 in
1562 2915 1690 3011 quibus
1710 2919 1753 2986 ab
1773 2915 1840 2986 alia
1857 2941 1983 2999 mauu,
2008 2931 2203 2984 atramento

189 3038 308 3108 addita
337 3053 442 3117 sunt,
478 3033 517 3102 in
549 3033 663 3102 fronte
696 3029 842 3126 paginae
875 3029 1027 3102 cuiusvis
1057 3033 1253 3129 conspicis,
1288 3036 1397 3104 semel
1427 3061 1505 3132 pag.
1536 3037 1594 3106 20.
1629 3038 1687 3106 21.
1720 3036 1855 3106 adiecta'
1885 3035 2047 3104 versione
2079 3033 2202 3113 latina,

190 3177 384 3230 atramento
405 3155 545 3252 scripta.
594 3153 709 3222 Euam
733 3151 1007 3248 quaternionum
1031 3152 1152 3222 literae
1180 3152 1377 3222 numerales
1402 3157 1558 3223 Graecae
1584 3154 1764 3226 coloribus
1792 3173 1943 3224 ornatae.
1995 3150 2064 3222 Sed
2092 3151 2203 3221 minio

190 3281 312 3378 scripti
343 3275 443 3347 latini
474 3297 651 3344 canonum
675 3271 954 3342 Eusebimrmn
983 3272 1123 3343 numeri
1148 3275 1258 3358 1,11‚
1284 3280 1443 3355 111,1v.
1469 3281 1515 3360 V,
1540 3281 1703 3362 vt,v11‚
1728 3281 1828 3360 vm,
1853 3280 1923 3360 tx,
1948 3279 1995 3344 X.
2046 3279 2089 3342 ln
2114 3298 2204 3342 mar-

189 3401 327 3498 ginibus
351 3396 565 3468 sectionibus
588 3392 830 3466 Ammonianis
854 3394 1171 3476 subiiciuntur,·ut
1188 3420 1303 3468 canon
1328 3395 1372 3466 ad
1399 3421 1508 3492 quem
1532 3395 1794 3494 respiciendum
1817 3396 1879 3478 sit,
1904 3394 2017 3466 minio
2041 3413 2203 3474 notatus,

189 3522 323 3592 facilius
340 3517 581 3613 distinguatur.
631 3519 811 3584 Praeterea
826 3513 900 3585 loci
916 3514 1062 3610 quidam
1078 3516 1288 3613 singulares,
1313 3517 1487 3614 quaedam
1501 3518 1689 3614 singularia
1704 3516 1907 3590 ostendunt.
1957 3522 2011 3586 Ita
2023 3515 2062 3586 iu
2078 3511 2206 3586 tabulis

189 3641 421 3740 generationis
450 3638 580 3733 largior
606 3637 770 3707 colorum
795 3661 895 3722 usus,
932 3657 1005 3707 tam
1028 3638 1066 3707 in
1095 3639 1276 3709 Matthaeo
1300 3666 1408 3735 quam
1433 3639 1473 3708 in
1498 3643 1604 3710 Luca.
1654 3645 1697 3708 In
1726 3637 1931 3708 recensione
1958 3634 2204 3733 apostolorum

190 3763 285 3862 apud
302 3770 462 3832 Marcum
478 3759 599 3828 literae
617 3757 796 3828 coloribus
820 3757 892 3828 fere
913 3759 1129 3830 suffocantur
1141 3758 1357 3856 insuperque
1372 3760 1484 3830 lineae
1500 3761 1632 3831 eoloris
1648 3760 1729 3829 flavi
1741 3758 1945 3829 nominibus
1959 3753 2201 3826 subiiteinmnr.

189 3884 257 3955 Sed
285 3883 374 3952 haec
396 3879 578 3950 sufficiant.
627 3885 707 3950 Hoc
732 3905 844 3947 uuum
868 3876 998 3946 addere
1018 3878 1123 3955 libet,
1156 3878 1295 3948 colores
1316 3879 1414 3974 ipsos
1435 3900 1508 3948 tam
1532 3879 1652 3977 inepte
1673 3901 1795 3973 saepe,
1829 3895 1972 3970 tamque
1994 3873 2202 3944 dennssimo

190 4002 318 4073 rustice
339 3999 509 4097 penicillo
529 3998 717 4092 impositos
738 4019 831 4078 esse,
857 4015 899 4065 ut
916 3996 988 4064 sere
1009 4017 1206 4091 puerorum
1227 4017 1319 4092 opus
1338 3995 1508 4067 rideatur.
1556 4003 1690 4068 Tamen
1711 3999 1850 4068 colores
1871 3997 2018 4068 firmiter
2039 3995 2202 4070 haerent,

190 4122 290 4221 quasi
313 4119 439 4202 inusti,
463 4135 505 4186 ut
529 4115 648 4184 mirari
671 4115 745 4185 hue
766 4117 849 4186 satis
872 4138 948 4187 non
971 4115 1116 4215 possim
1167 4114 1354 4186 Rarissime
1380 4115 1511 4189 coloris
1535 4115 1652 4214 aliqua
1674 4142 1757 4216 pars
1781 4116 1925 4188 decidit.

208 4523 211 4528 Ι
286 4422 446 4506 Numeri,
474 4445 565 4516 quos
588 4419 627 4488 in
647 4416 762 4488 fronte
784 4419 954 4517 cuiusque
976 4419 1122 4518 paginae
1146 4417 1341 4515 conspicis,
1367 4417 1497 4487 arabici
1518 4438 1678 4488 accurate
1702 4416 1924 4516 respondent'
1944 4415 1977 4482 ei
1997 4411 2205 4510 paginarum

190 4541 463 4646 computationi,
489 4565 579 4636 quae
598 4537 730 4636 inipso
748 4538 872 4609 codice
891 4539 935 4610 ad
955 4563 1127 4611 extremas
1147 4565 1225 4610 oras
1247 4537 1384 4610 rubrica
1404 4536 1492 4609 facta
1509 4559 1571 4609 ese
1624 4543 1677 4608 Ab
1698 4565 1739 4610 ea
1757 4535 1852 4606 haud
1872 4529 2112 4602 secedendum
2129 4553 2203 4598 esse

190 4665 396 4745 existimavi,
421 4683 462 4733 nt
484 4681 733 4760 comparaturo
757 4657 940 4730 facillimus
959 4661 1073 4731 aditus
1096 4681 1250 4759 pateret,
1277 4680 1314 4729 et
1334 4686 1395 4741 ne,
1420 4660 1450 4728 si
1475 4658 1538 4754 qui
1561 4659 1679 4756 ipsum
1703 4653 1866 4724 codicem
1886 4653 1925 4720 iu
1949 4675 2055 4720 usum
2078 4674 2205 4724 vocare

189 4785 321 4868 velint,
356 4780 490 4880 duplex
515 4780 726 4852 numerandi
752 4779 842 4850 ratio
870 4777 1025 4849 ineunda
1054 4801 1154 4851 esset.
1204 4784 1338 4850 Tamen
1362 4805 1437 4849 non
1462 4804 1611 4876 possum
1636 4800 1711 4846 non
1740 4778 1902 4852 monere,
1939 4769 2073 4843 codicis
2094 4769 2206 4868 ipsius

191 4902 495 5004 computationem
515 4924 634 5003 aperte
655 4905 775 4974 falsam
793 4928 877 4974 esse.
928 4903 980 4970 De
1002 4901 1126 4998 pagina
1145 4903 1178 4972 3.
1198 4921 1233 4972 et
1253 4907 1288 4990 4.
1306 4899 1379 4972 hoc
1397 4897 1467 4968 iam
1485 4921 1592 4994 supra
1610 4895 1729 4968 docui.
1779 4891 1894 4962 Adiici
1915 4890 2012 4962 idem
2031 4889 2138 4960 debet
2159 4888 2205 4958 de

190 5027 326 5125 paginis
347 5026 430 5095 311.
448 5049 546 5122 seqq.
598 5029 755 5121 Namque
773 5022 823 5094 ibi
843 5049 863 5094 a
881 5019 1006 5120 pagina
1027 5019 1096 5089 311
1122 5019 1165 5100 ad
1186 5023 1256 5090 513
1280 5021 1456 5093 transitur.
1503 5017 1572 5090 Sed
1592 5019 1684 5089 iuter
1701 5016 1764 5088 lias
1788 5012 1931 5112 paginas
1954 5010 2111 5082 desectus
2132 5034 2206 5080 esse
