5240 6318
873 1537 975 1618 AI)
1018 1535 1491 1618 remoror-EM.

170 1953 271 2059 Hoc
302 1983 459 2057 defimcti
490 1983 604 2057 fratris
633 1983 727 2056 inter
759 1982 837 2084 ipsa
869 1983 1006 2084 publici
1037 1983 1192 2056 muneris
1218 1983 1359 2083 negotia
1382 1983 1568 2082 morbique
1595 1979 1794 2056 molestiam
1819 2003 1955 2052 summa
1980 2003 2064 2048 cura
2089 1995 2196 2073 atque

171 2085 235 2158 dili
260 2083 351 2156 entia
374 2084 572 2184 perfectum
597 2101 872 2155 monumentum
896 2107 941 2155 ne
969 2081 1042 2154 sine
1067 2081 1173 2153 inseri
1201 2081 1297 2154 tione
1324 2081 1599 2179 relinqueretur,
1624 2099 1666 2151 ut
1689 2103 1803 2181 pauca
1827 2077 1871 2148 de
1896 2075 1967 2149 vita
1992 2075 2066 2146 eius
2090 2093 2195 2171 atque

171 2111 295 2256 studiis
320 2181 469 2281 praefari
493 2181 639 2270 vellem,
666 2180 769 2254 amici
795 2200 1015 2278 rogaverunt.
1067 2185 1148 2252 Non
1173 2109 1282 2253 deero
1307 2180 1406 2268 Tibi,
1433 2179 1561 2253 dilecte
1587 2179 1708 2266 frater,
1745 2197 1781 2248 et
1806 2174 1904 2273 quod
1920 2177 1978 2245 Tu
1994 2170 2206 2283 saepissime.

172 2307 240 2394 pro
266 2306 323 2351 me
349 2279 477 2361 fecisti,
514 2300 555 2352 ut
588 2306 749 2352 sermone
783 2299 887 2378 atque
914 2278 1014 2350 factis
1041 2305 1200 2351 amorem
1225 2304 1306 2378 erga
1331 2305 1389 2351 me
1415 2283 1534 2349 Tuum
1559 2276 1802 2362 testificarere,
1839 2273 1876 2343 id
1905 2298 1969 2369 ego
1995 2295 2092 2342 nunc
2115 2269 2197 2340 Tibe

174 2405 245 2449 ram
270 2379 308 2447 in
332 2377 474 2448 coelum
500 2397 645 2490 recepto
670 2381 865 2477 praestabo.

271 2474 442 2546 Henricus
467 2474 683 2546 Christianus
709 2473 861 2546 Michael
885 2476 1003 2573 Rettig
1028 2503 1047 2547 a
1069 2473 1283 2576 pauperibus
1310 2473 1471 2570 quidem,
1497 2471 1559 2542 sed
1584 2470 1743 2546 honestis
1769 2466 1989 2570 parentibus,
2016 2493 2046 2536 a.
2073 2461 2107 2535 d.
2134 2468 2194 2534 III.

177 2573 250 2644 Kal.
275 2577 368 2644 Sext.
395 2573 477 2643 anni
501 2577 745 2646 MDCCXCIX
771 2573 892 2645 Gissae
917 2594 1020 2646 natus
1047 2593 1109 2646 est.
1160 2577 1229 2644 Pro
1255 2573 1400 2644 summis
1425 2591 1612 2672 parentum
1636 2570 1674 2640 in
1700 2594 1735 2640 se
1755 2565 1888 2638 meritis
1907 2564 2008 2637 licuit
2026 2562 2196 2633 defuncto

174 2696 341 2770 usurpare
367 2670 503 2743 Horatii
527 2671 634 2742 illud:
719 2699 723 2706 ·

758 2793 836 2848 Nam
854 2793 881 2847 si
898 2801 1005 2847 natura
1023 2789 1141 2846 iuberet

483 2875 513 2928 A
531 2874 623 2928 certis
642 2875 730 2930 annis
748 2892 853 2924 aevum
870 2888 1006 2926 remeare
1024 2881 1180 2944 peractum

481 2957 581 3028 Atque
600 2953 675 3009 alios
693 2951 792 3026 legere
812 2953 850 3008 ad
867 2951 977 3009 fastum
995 2973 1191 3031 quoscunque
1209 2967 1371 3030 parentes:

482 3036 611 3111 Optaret
627 3034 686 3092 sibi
704 3037 846 3111 quicqum
874 3041 949 3093 meis
968 3049 1127 3096 contentus
1146 3041 1290 3096 honestos

480 3117 629 3176 Fascibus
646 3129 676 3175 et
693 3120 776 3177 sellis
786 3121 905 3177 nollem
922 3123 995 3179 mibi
1013 3141 1139 3180 sumere.

271 3261 345 3324 lam
379 3271 513 3322 mature
550 3250 588 3320 in
624 3251 772 3350 parvulo
838 3253 989 3325 raeclara
1020 3255 1072 3328 vis
1107 3253 1239 3352 ingenii
1275 3274 1310 3326 et
1341 3253 1555 3324 indefessum
1588 3251 1747 3323 discendi
1776 3251 1932 3324 studium
1959 3253 2123 3340 emicuit,
2164 3271 2200 3323 et

81 3390 106 3432 a«,
174 3353 305 3422 sactum
338 3351 387 3419 ita
421 3368 488 3434 est,
524 3367 564 3418 ut
596 3349 690 3422 inter
723 3279 862 3422 sodales
896 3353 1054 3450 primum
1085 3353 1296 3452 plerumque
1328 3352 1449 3424 locum
1482 3349 1521 3420 in
1553 3349 1675 3422 schola
1710 3350 1894 3422 obtineret.
1954 3350 2020 3422 Sed
2054 3350 2199 3424 vixdum

87 3466 100 3551 'i
172 3448 352 3519 decimum
378 3466 543 3544 quartum
569 3447 689 3519 aetatis
716 3474 849 3520 annum
875 3475 1049 3550 egressus,
1076 3471 1226 3551 propter
1252 3470 1437 3548 egestatem
1461 3469 1650 3547 parentum
1674 3448 1793 3547 pueris
1818 3446 2040 3521 instituendis
2066 3449 2199 3522 victum

88 3571 110 3614 a
175 3544 242 3616 sibi
273 3571 441 3643 quaerere
476 3564 619 3617 coactus
653 3565 739 3618 est.¹
767 3549 890 3638 Quum
922 3547 971 3618 ita
1002 3573 1104 3619 senae
1138 3574 1204 3647 per
1236 3547 1391 3646 singulos
1425 3546 1500 3618 dies
1526 3548 1688 3648 pluresve
1713 3545 1822 3619 horae
1847 3546 1971 3618 studiis
1996 3547 2198 3632 interirent,

94 3641 113 3727 ·“,”
173 3643 346 3715 industria
371 3663 490 3714 tamen
517 3662 552 3713 et
576 3642 880 3716 lucubrationibus
907 3645 1038 3728 effecit,
1075 3666 1116 3718 ut
1140 3646 1300 3718 absoluto
1325 3647 1364 3714 in
1388 3644 1594 3733 Academia,
1633 3643 1671 3713 in
1704 3669 1774 3742 qua
1807 3644 2004 3742 theologiae
2033 3645 2199 3716 simulet

94 3741 100 3778 ³
200 3740 393 3854 hilologiae
420 3767 566 3838 operam
590 3763 793 3829 navaverat,
821 3743 1021 3814 studiorum
1048 3770 1170 3827 cursu,
1196 3743 1342 3843 publico
1359 3744 1601 3844 praeceptoris
1616 3741 1654 3812 in
1670 3742 1862 3840 Gymnasio
1879 3741 2036 3812 Gissensi
2052 3765 2198 3812 munere

174 3767 299 3935 dignus
325 3837 550 3910 iudicaretur.
603 3844 698 3911 Tum
731 3860 831 3941 patre
865 3861 1009 3912 mortuo
1044 3842 1115 3912 fere
1147 3842 1261 3912 omnis
1295 3841 1345 3912 rei
1379 3841 1592 3912 domesticae
1624 3838 1829 3939 procuratio
1863 3863 1944 3911 sane
1976 3837 2127 3910 difficilis
2160 3840 2198 3909 in

174 3937 317 4006 fratrem
343 3937 455 4007 cessit.
508 3936 569 4006 His
603 3957 721 4010 tamen
754 3936 847 4009 curis
881 3957 951 4008 tam
977 3963 1103 4035 parum
1130 3963 1149 4006 a
1173 3936 1419 4036 persequenda
1443 3936 1644 4009 studiorum
1669 3936 1805 4010 ratione
1829 3935 2029 4034 prohibitus
2056 3957 2120 4016 est,
2158 3955 2198 4006 ut

176 4032 266 4104 mihi
290 4033 328 4102 in
352 4033 532 4103 literarum
558 4035 683 4106 studiis
711 4057 879 4133 tanquam
903 4059 1113 4135 praecursor
1138 4033 1253 4105 irretit.
1304 4039 1382 4104 Nun
1409 4061 1491 4104 uam
1515 4033 1766 4104 intermittetur
1792 4060 1811 4102 a
1836 4059 1892 4104 me
1914 4053 1986 4104 tem
2015 4033 2086 4104 oris
2104 4032 2199 4102 illius

174 4129 363 4216 memoria,
408 4152 480 4225 quo
514 4155 581 4228 per
614 4156 674 4200 sex
708 4153 743 4202 et
777 4132 875 4229 quod
911 4130 1063 4204 excurrit
1097 4158 1207 4205 annos
1239 4157 1314 4204 non
1340 4061 1467 4204 eodem
1494 4129 1654 4203 conclavi
1679 4130 1814 4216 solum,
1855 4129 1917 4201 sed
1942 4059 2068 4202 iisdem
2095 4129 2199 4202 etiam

176 4228 312 4298 scriniis
337 4247 476 4298 utentes
502 4246 574 4297 tam
600 4227 828 4302 concorditer
852 4228 961 4302 literis
987 4229 1200 4315 vacavimus,
1226 4250 1336 4301 utne
1361 4230 1469 4301 semel
1496 4228 1641 4327 quidem
1666 4229 1738 4300 hoc
1764 4227 1993 4326 tranquillum
2017 4226 2197 4324 Musisque

176 4325 335 4396 dicatum
370 4324 484 4396 otium
516 4323 574 4397 vel
606 4324 729 4398 leviter
763 4347 900 4400 tantum
933 4331 1113 4400 turbatum
1146 4354 1219 4400 esse
1254 4327 1485 4399 meminerim.
1552 4327 1702 4419 Quantis
1735 4346 1811 4397 tum
1843 4325 1992 4424 negotiis
2022 4324 2199 4396 districtus

176 4423 283 4494 fuerit
310 4421 382 4492 dici
406 4421 467 4495 vix
491 4443 621 4523 potest.
689 4430 771 4498 Uno
807 4426 1007 4525 eodemque
1041 4448 1203 4527 tempore
1237 4425 1476 4538 praeceptoris
1509 4424 1547 4495 in
1577 4422 1770 4524 Gymnasio
1804 4423 1959 4496 Gissensi
1991 4423 2084 4496 vices
2116 4449 2200 4494 cum

176 4547 314 4592 summa
340 4519 411 4591 lide
437 4547 478 4592 ac
503 4520 673 4618 religione
701 4522 813 4614 obire,
852 4525 1117 4598 collaboratoris
1151 4525 1189 4596 in
1213 4523 1407 4596 Seminano
1433 4521 1672 4622 philologico‚
1709 4521 1804 4593 unde
1832 4547 1854 4592 o
1883 4520 1988 4593 timus
2014 4520 2056 4592 ad
2079 4519 2199 4621 philo-

177 4617 308 4714 logiam
334 4643 467 4690 sacram
492 4618 626 4706 aditus,
653 4644 798 4690 munere
824 4623 937 4720 sungi3
962 4623 1001 4694 in
1025 4622 1214 4694 Academia
1238 4621 1394 4694 Gissensi
1419 4619 1610 4717 exegeticas
1626 4547 2035 4720 potissimumlectiones
2051 4618 2197 4709 habere3

177 4715 344 4787 ecclesiae
380 4715 485 4787 etiam
517 4715 732 4789 Christianae
764 4716 946 4790 historiam
984 4721 1165 4793 interdum
1197 4746 1376 4810 enarrare3
1419 4716 1620 4790 domesticis
1652 4736 1833 4817 praeterea
1873 4715 1998 4788 studiis
2032 4737 2068 4788 et
2099 4715 2197 4787 libris

177 4812 369 4885 scribendis
393 4812 548 4886 intentus
574 4840 657 4887 esse.
708 4815 853 4886 Etiamsi
877 4814 1074 4915 theologiae
1101 4847 1208 4918 quam
1233 4836 1363 4892 vocant
1387 4815 1547 4888 rationali
1563 4835 1640 4886 turn
1655 4814 1763 4912 magis
1780 4813 1897 4885 adhuc
1914 4813 2075 4886 addictus
2094 4833 2198 4899 esset,

178 4931 275 4982 tanto
302 4931 419 4984 tamen
443 4911 552 4982 animi
577 4932 613 4983 et
636 4912 769 5010 ingenii
793 4912 918 4985 ardore
945 4913 1110 5004 docebat,
1136 4943 1318 5016 nunquam
1342 4915 1479 5013 linguae
1506 4911 1774 4998 adhaerescens,
1808 4937 1888 4986 raro
1913 4911 2080 5011 inspectis
2106 4935 2193 5007 quas

179 5009 299 5080 seeum
323 5035 343 5082 a
369 5029 570 5109 portaverat
594 5009 753 5098 schedis,
784 5032 825 5084 ut
849 5010 954 5082 multi
977 5011 1033 5084 his
1058 5039 1094 5085 se
1119 5015 1329 5089 lectionibus
1355 5013 1399 5085 ad
1423 5036 1541 5085 veram
1566 5011 1675 5082 lidem
1700 5034 1888 5086 conversos
1914 5035 1987 5082 esse
2012 5011 2196 5086 fateantur.

179 5103 233 5176 Ad
259 5035 477 5206 theologiam
503 5135 610 5206 quam
635 5129 765 5184 vocant
783 5111 1083 5212 supernaturalem
1100 5109 1155 5184 his
1178 5112 1403 5212 potissimum
1422 5109 1534 5183 causis
1554 5129 1738 5211 permotus
1755 5131 1791 5180 se
1812 5107 2024 5182 convertisse
2044 5104 2194 5225 ridetur.
