5240 6318
414 437 467 506 tv
1226 430 1591 501 PROLEGOMENA

415 622 612 697 carissunus
636 618 787 710 adiuvit3
820 615 855 692 I.
879 615 914 692 I.
940 612 1108 702 Hessius,
1132 613 1214 717 pagi
1239 615 1401 715 Tigurini
1426 617 1573 701 consul,
1605 616 1786 692 literarum
1818 619 2031 724 oplimarum
2060 595 2182 704 fautor·
2208 646 2434 726 summopere

415 743 611 836 colendus3
648 740 925 845 Quindecimt'ri
955 739 1110 840 denique
1134 741 1233 812 rebus
1256 738 1476 834 scholasticis
1500 739 1603 840 apud
1625 769 1689 816 nos
1712 747 1895 840 rependas,
1931 775 2120 852 sponsores
2153 756 2220 853 pro
2246 774 2303 822 me
2329 747 2438 819 inter·

416 886 596 942 cessenmt
621 891 739 964 graves
759 885 864 964 atque
882 862 1093 962 dignissimi:
1120 907 1170 922 -
1195 883 1231 936 et
1250 861 1299 935 ita
1318 863 1394 937 voti
1413 889 1563 966 compos
1582 891 1662 938 sum
1680 866 1800 943 sactus.
1835 873 1889 942 Ex
1914 871 2092 947 decreto
2117 873 2215 944 eius
2239 867 2436 960 consilii,

415 993 538 1094 quod
570 989 695 1090 apud
728 987 1064 1082 Sangallenses
1101 982 1439 1062 catholicorum
1475 1015 1546 1060 res
1589 989 1933 1068 ecclesiasticas
1980 995 2303 1082 administrat,
2354 989 2439 1066 liber

417 1118 590 1216 erpetitns
614 1110 669 1185 ud
691 1137 746 1181 me
767 1121 818 1183 est
843 1117 1082 1185 transmissus.

1376 1268 1414 1368 ς.
1454 1270 1487 1339 s.

514 1395 729 1492 Quaestione
763 1391 921 1464 instituta
954 1411 1041 1462 mox
1077 1387 1210 1490 repeti,
1249 1388 1349 1488 quod
1382 1411 1419 1463 et
1457 1388 1607 1464 Orellairs
1635 1415 1751 1478 mens,
1790 1417 1899 1490 quem
1928 1412 2046 1466 tamen
2077 1393 2116 1466 in
2145 1413 2251 1492 quam
2285 1391 2437 1466 contulit

415 1521 575 1620 eligenda
600 1539 698 1621 parte
724 1541 800 1589 non
822 1512 1061 1586 felicissimum
1086 1511 1191 1585 luisse
1216 1509 1340 1599 dolui,
1377 1513 1507 1585 librum
1531 1533 1694 1586 nostrum
1719 1513 1763 1586 ad
1790 1540 1852 1587 eos
1876 1519 1916 1588 N.
1942 1518 1984 1589 T.
2011 1514 2153 1589 codices
2179 1515 2436 1587 accensendum

415 1669 501 1731 esse,
513 1641 641 1742 quibus
652 1636 814 1740 plerique
826 1633 938 1707 critici
947 1661 1122 1706 summam
1131 1634 1376 1708 auctoritatem
1388 1635 1563 1721 tribuunt,
1582 1655 1618 1707 et
1626 1635 1730 1708 simul
1740 1691 1750 1724 ,
1762 1634 1861 1734 quod
1874 1663 1982 1710 nemo
1994 1637 2112 1710 adhuc
2121 1637 2315 1738 suspicatus
2325 1637 2439 1710 suerat

414 1794 486 1840 esse
510 1793 621 1837 unam
639 1774 778 1863 partem
795 1757 943 1842 codicis,
969 1782 1059 1854 quae
1075 1756 1429 1831 celebratissimorum
1443 1757 1617 1831 librorum
1638 1758 1829 1846 Vaticani,
1856 1757 2017 1833 Partirim'
2027 1757 2242 1858 Ephesumn,
2266 1756 2441 1857 Stephani

416 1889 464 1960 H
482 1887 547 1985 (L)
573 1883 778 1984 dignitatem
803 1881 874 1951 fere
905 1878 1010 1978 aequi
1033 1898 1153 1980 paret,
1180 1907 1291 1978 quum
1309 1880 1347 1951 in
1360 1879 1457 1960 ,locis
1476 1879 1669 1952 innumeris
1688 1880 1820 1954 horum
1849 1882 1991 1954 testium
2015 1880 2186 1954 lectiones
2208 1881 2286 1953 solo
2311 1901 2436 1953 nostro

416 2011 689 2098 confirmentur3
703 2028 776 2075 esse
788 2001 895 2100 igitur
907 2000 1036 2072 librum
1050 2002 1302 2099 dignissimum,
1323 2002 1423 2074 cuius
1436 2004 1642 2077 auctoritate
1653 2009 1692 2075 N.
1702 2006 1744 2075 T.
1759 2022 1944 2076 contextus
1957 2004 2165 2076 emendetur
2177 2023 2212 2076 et
2234 2002 2436 2076 stabiliatur.

514 2128 583 2202 Sed
610 2127 747 2202 etiamsi
769 2126 842 2199 hoc
867 2149 943 2198 non
968 2123 1193 2226 reperissem,
1226 2145 1345 2222 tamen
1376 2124 1466 2198 liber
1497 2125 1629 2200 iccirco
1663 2125 1813 2198 maxime
1848 2127 2085 2201 memorabilis
2117 2125 2206 2198 milti
2239 2153 2311 2198 esse
2345 2125 2436 2199 visus

417 2271 527 2340 esset,
553 2250 651 2349 quod
670 2250 761 2320 inter
780 2273 903 2320 omnes
921 2245 1183 2345 evangeliorum
1199 2245 1357 2330 codices,
1383 2248 1492 2320 literis
1508 2248 1709 2322 maiusculis
1726 2268 1902 2336 exaratos,
1922 2249 2194 2348 Cantabrigiensi
2209 2249 2436 2350 Kiplingiano

417 2395 568 2476 excepto
598 2373 694 2476 solus
727 2392 794 2454 est,
829 2371 892 2470 qui
924 2370 1084 2444 versione
1110 2369 1232 2440 Latina
1263 2392 1314 2443 est
1337 2370 1548 2459 instructus,
1586 2392 1621 2443 et
1653 2372 1814 2446 omnium
1839 2370 1952 2454 solus,
1992 2374 2054 2470 qui
2086 2371 2311 2445 interlineari.
2363 2377 2437 2443 Iam

415 2519 534 2574 autem
559 2496 703 2570 codices
727 2495 842 2566 Latini
866 2500 906 2566 N.
933 2496 974 2566 T.
1001 2492 1216 2590 antiquiores
1242 2493 1359 2591 magni
1384 2493 1556 2566 aestimari
1583 2514 1795 2596 coeperunt,
1821 2494 1933 2596 pluris
1952 2520 2037 2568 vero
2057 2497 2195 2565 Graeco
2215 2489 2348 2576 Latini,
2375 2490 2438 2587 qpi

415 2623 563 2694 verbum
589 2619 633 2691 de
659 2621 767 2691 verbo
793 2615 958 2688 reddunt.
1010 2621 1132 2714 Itaque
1160 2615 1307 2689 omnino
1338 2615 1561 2688 eruditorum
1587 2617 1770 2707 intererat,
1796 2618 1904 2705 scire,
1931 2644 2020 2715 quae
2039 2616 2128 2689 ratio
2145 2615 2238 2686 inter
2258 2613 2438 2710 antiquam

416 2740 596 2832 Latinam,
623 2737 933 2834 Hieronymianam
959 2758 994 2809 et
1018 2737 1131 2811 nostri
1157 2737 1290 2810 codicis
1316 2736 1514 2812 versionem
1537 2739 1742 2814 intercedat.
1792 2739 1943 2814 Maxime
1970 2760 2088 2814 autem
2104 2740 2249 2837 urgebat
2273 2734 2436 2817 Bentleii,

418 2863 506 2964 quid
531 2862 696 2944 diffitear,
722 2856 904 2930 iudicium.

513 3140 612 3234 Quid
650 3159 768 3211 autem
801 3137 973 3210 lacerem?
1010 3137 1188 3209 variantes
1220 3137 1395 3208 lectiones
1426 3161 1675 3235 excerperem,
1713 3135 1856 3234 antiqua
1891 3133 2170 3222 consuetudine,
2208 3155 2244 3207 et
2270 3136 2437 3209 ederem?

415 3264 587 3364 Exempla
617 3259 787 3335 versionis
819 3283 1061 3358 proponerem
1091 3280 1128 3331 et
1160 3260 1418 3330 examinareml
1450 3263 1505 3330 Ex
1531 3285 1604 3356 quo
1629 3258 1819 3332 Michaelis
1851 3256 2126 3332 introductionis
2150 3283 2231 3329 suae
2263 3258 2302 3328 in
2326 3263 2366 3329 N.
2392 3261 2434 3330 T.

416 3391 521 3460 Tom.
547 3390 574 3456 I.
601 3384 634 3484 §.
662 3383 722 3453 60.
749 3379 923 3467 ostendit,
950 3407 1057 3478 quam
1080 3406 1207 3481 parum
1233 3381 1326 3452 utilis
1351 3381 1397 3452 sit
1421 3379 1699 3478 colligendarum
1720 3375 1916 3453 lectionum
1942 3381 2050 3468 ratic,
2077 3407 2183 3480 quam
2201 3406 2328 3481 parum
2352 3380 2437 3452 fidei

414 3509 598 3608 praebeat,
623 3504 743 3604 plnres
768 3501 864 3600 iique
889 3503 985 3574 haud
1012 3503 1264 3578 contemnendi
1288 3504 1424 3576 iudices
1450 3503 1749 3585 existimaverunt,
1776 3501 1909 3574 codices
1928 3503 2024 3602 apros
2044 3503 2197 3575 edendos
2221 3529 2309 3589 esse,
2335 3528 2437 3602 prae-

326 3673 331 3680 ·
416 3627 594 3714 videntes,
620 3624 650 3697 si
674 3625 729 3696 via
753 3623 834 3696 trita
859 3625 1010 3726 amplius
1035 3623 1252 3696 insisteretur
1276 3625 1367 3712 sore,
1393 3645 1433 3696 ut
1457 3625 1614 3724 ingentes
1636 3652 1754 3697 rerum
1771 3631 1812 3697 N.
1828 3630 1870 3698 T.
1889 3627 2088 3698 criticarum
2106 3626 2227 3696 turbae
2245 3622 2435 3720 aliquando

416 3768 660 3836 nascerentur,
695 3767 805 3847 utque
831 3773 937 3820 nemo
963 3748 1113 3848 amplius
1138 3748 1259 3834 sciret,
1291 3748 1378 3845 quid
1406 3747 1450 3820 de
1477 3748 1620 3846 singulis
1645 3749 1858 3822 lectionibus
1882 3746 2108 3820 statuendum
2132 3747 2196 3833 sit,
2231 3747 2437 3847 praesertim

416 3874 448 3946 si
471 3873 641 3958 eveniret,
676 3871 774 3970 quod
799 3871 838 3942 in
863 3871 983 3942 multis
1008 3870 1078 3941 iam
1104 3870 1233 3942 accidit
1258 3870 1475 3944 venerandae
1501 3870 1715 3968 antiquitatis
1739 3871 1941 3959 codicibus,
1975 3891 2016 3942 ut
2040 3896 2123 3940 casu
2148 3867 2345 3953 interirent,
2380 3867 2437 3939 vel

416 4015 457 4068 ut
481 3996 578 4092 ipsae
603 3987 715 4066 lineae
740 3994 841 4066 annis
867 4014 902 4065 et
926 4020 994 4064 usu
1019 4015 1275 4066 evanescerent.
1326 3998 1442 4093 Atque
1467 3994 1629 4093 profecto
1655 3993 1716 4066 hic
1742 4015 1856 4066 metus
1880 4020 1956 4067 non
1981 4013 2033 4065 est
2058 3991 2189 4063 inanis!
2225 3990 2314 4084 Quis
2340 3991 2436 4061 enim

416 4112 548 4200 nescit,
583 4133 673 4210 quot
698 4134 733 4186 et
758 4134 906 4212 quantae
932 4115 1010 4186 lites
1037 4115 1081 4186 de
1113 4115 1247 4188 codicis
1272 4115 1498 4188 Alexandrini
1523 4115 1733 4188 lectionibus
1757 4137 1858 4188 natae
1884 4114 1976 4188 sintl
2010 4114 2099 4208 Quis
2132 4112 2262 4199 nescit,
2297 4112 2436 4210 quoties

416 4235 560 4319 Iumits,
585 4234 769 4318 Huissius,
798 4238 874 4312 W
868 4236 1024 4325 altanus,
1050 4237 1204 4326 Fellt'us,
1225 4239 1383 4327 Milltits,
1412 4240 1586 4326 Grebia,
1615 4241 1690 4315 W
1684 4241 1845 4310 elstenius
1860 4238 1900 4307 in
1916 4235 2106 4309 referendis
2124 4234 2283 4308 eiusdem
2302 4234 2435 4308 codicis

416 4359 627 4433 lectionibus
644 4358 710 4430 sibi
725 4360 989 4432 contradicant?
1006 4360 1143 4454 Quibus
1159 4360 1278 4444 litibus
1295 4363 1405 4436 serius
1421 4363 1643 4464 expressione
1664 4381 1699 4433 et
1713 4387 1759 4433 ne
1778 4359 2002 4460 expressione
2018 4357 2164 4455 quidem
2178 4355 2284 4428 huius
2302 4356 2435 4429 codicis

418 4482 498 4554 finis
523 4501 576 4555 est
600 4480 800 4582 impositus,
828 4482 910 4580 quia
935 4483 972 4554 in
997 4483 1094 4556 libris
1119 4485 1183 4582 qui
1207 4487 1300 4586 typis
1326 4486 1586 4572 exscribuntur,
1612 4511 1753 4586 semper
1777 4489 1913 4558 errores
1930 4477 2177 4584 typographici
2194 4481 2435 4552 remanebunt.

1372 4644 1407 4744 ς.
1447 4638 1480 4714 5.

518 4759 653 4832 Deinde
670 4759 747 4860 ipse
764 4762 801 4832 in
819 4761 944 4834 codice
962 4762 1129 4836 Vaticano
1148 4783 1312 4862 expertus
1329 4763 1392 4836 diu
1408 4790 1521 4850 eram,
1548 4789 1655 4862 quam
1680 4763 1779 4836 facile
1806 4762 1910 4834 etiam
1929 4759 2228 4834 accuratissimum
2250 4757 2436 4854 bominem

418 4883 455 4953 in
481 4880 728 4954 collationibus
745 4886 902 4992 'obrepat
917 4911 1072 4960 somnus.
1123 4892 1281 4984 Namque
1297 4888 1390 4960 inter
1405 4907 1475 4961 tres
1491 4886 1651 4972 stultu,
1677 4883 1816 4960 Bt'rclui'
1829 4905 1864 4956 et
1878 4885 2065 4990 Anonymi
2077 4882 2247 4974 variantes
2263 4880 2434 4952 lectiones

418 5003 466 5074 ita
490 5029 593 5104 saepe
619 5003 799 5104 ambiguus
823 5006 1004 5091 haesitavi,
1038 5029 1078 5082 ut
1105 5010 1290 5107 quomodo
1317 5037 1548 5110 emergerem,
1586 5035 1661 5083 non
1690 5007 1892 5109 reperirem.
1944 5007 2092 5080 Accedit
2125 5005 2223 5104 quod
2249 5003 2294 5076 ad
2320 5000 2435 5076 diver-

418 5125 552 5198 sissima
576 5129 788 5229 exemplaria
813 5129 892 5204 illae
920 5132 1125 5206 collationes
1151 5133 1390 5206 instituuntur.
1440 5134 1557 5233 Siquis
1573 5132 1764 5204 Birchianis
1790 5130 2037 5206 collationibus
2061 5128 2115 5200 uti
2139 5126 2242 5212 velit,
2268 5125 2306 5196 in
2330 5149 2434 5198 usum
