5240 6318
363 485 489 552 DE
512 484 651 548 NOTlS
673 483 996 548 MANUSCRIPTI
1017 449 1370 550 SANGALlAENSlS
1392 476 1764 554 MARGINALlBUS.
1807 485 1916 552 CAP.
1934 489 1999 554 vl.
2058 489 2219 558 XXXlll

396 662 469 734 Nisi
494 661 634 748 liceret,
661 637 801 732 illum
787 690 890 734 usum
915 611 1164 736 scholasticum
1189 683 1357 753 statuere,
1397 665 1501 766 plane
1525 691 1601 739 non
1625 665 1876 764 intelligerem,
1904 665 1991 767 quid
2010 668 2055 740 de
2074 693 2114 742 ea
2130 689 2216 744 nota

298 765 497 858 faciendum
522 805 627 867 esset,
661 785 705 856 de
732 812 801 882 qua
826 784 942 857 statim
968 811 1082 883 agam,
1119 786 1164 857 de
1191 803 1277 859 nota

197 910 268 989 ΓἾ
294 933 383 1014 quae
416 907 525 980 semel
560 925 696 977 tantum
726 905 765 976 in
797 925 876 979 toto
905 925 1029 979 nostro
1061 907 1153 982 libro
1185 932 1264 1007 pag.
1301 907 1372 981 196
1406 909 1590 1009 reperitur.
1638 915 1760 1008 Neque
1787 913 1891 986 etiam
1916 911 1954 983 in
1978 911 2216 986 Bberneriauo

295 1029 479 1127 vestigium
504 1047 624 1100 exstat.
676 1033 751 1100 Iam
776 1051 893 1102 autem
919 1057 1031 1126 quum
1056 1028 1144 1100 mibi
1168 1053 1373 1138 persuasum
1391 1028 1451 1112 sit,
1478 1030 1660 1130 magistros
1677 1031 1773 1130 ipsos
1789 1034 1827 1104 in
1843 1061 1927 1108 suos
1943 1060 2027 1107 usus
2046 1035 2215 1134 pleraque

300 1151 528 1252 adspersisse,
568 1149 674 1258 etiam
698 1151 736 1221 in
759 1150 857 1222 hunc
881 1151 1004 1224 locum
1027 1150 1065 1222 id
1092 1149 1216 1221 cadere
1243 1149 1520 1224 existimaverim.
1572 1151 1729 1250 Magistri
1753 1178 1879 1253 parum
1906 1153 2005 1227 docti
2028 1153 2066 1223 in
2091 1154 2215 1255 primis

214 1268 217 1274 ’
293 1269 332 1342 in
358 1296 401 1342 eo
427 1290 628 1357 versantur,
654 1271 753 1367 quod
779 1295 973 1372 synonyma
999 1273 1155 1343 afferunt.
1207 1276 1330 1368 Itaque
1357 1297 1467 1368 quum
1493 1274 1592 1370 quod
1617 1273 1701 1348 loco
1720 1275 1827 1350 citato
1851 1287 1962 1352 κοιλια
1990 1297 2059 1363 est,
2084 1277 2122 1347 in
2139 1277 2213 1348 aliis

294 1396 334 1462 N.
349 1377 401 1463 ’Τ.
427 1373 516 1465 locis
540 1423 669 1491 γαοτηρ
696 1394 752 1476 sit,
793 1391 886 1464 hanc
910 1419 1036 1467 vocem
1061 1393 1121 1463 hic
1146 1419 1165 1463 a
1190 1391 1354 1488 magistro
1381 1391 1489 1464 literis
1514 1393 1704 1467 initialibus
1728 1397 1956 1495 significatam
1982 1424 2054 1470 esse
2080 1397 2215 1470 iudica-

296 1513 425 1598 verim,
450 1535 491 1586 ut
515 1497 731 1589 inlectione
757 1515 873 1586 statim
897 1514 1008 1613 ipsius
1033 1514 1071 1585 in
1096 1533 1251 1585 mentem
1277 1511 1417 1585 rediret.
1469 1511 1505 1585 Si
1530 1514 1615 1612 q'uid
1634 1516 1766 1590 novisti
1783 1518 1911 1590 rectius
1927 1517 2016 1602 istis,
2044 1517 2214 1590 candidus

238 1619 240 1628 ¹
295 1635 457 1735 imperti3
483 1635 512 1706 si
537 1662 629 1723 non,
654 1619 710 1708 his
735 1657 833 1708 utere
860 1659 1010 1707 mecum.

1137 1773 1171 1873 a.
1211 1771 1269 1842 ιιι.

196 1921 322 2006 ορῐιιι.
371 1908 492 1981 Omnis
518 1910 836 1983 abbreviaturarum
861 1936 944 1982 usus
969 1908 1095 1994 docet,
1125 1907 1327 2005 apostolum
1352 1908 1424 1982 hoc
1451 1910 1666 2010 compendio
1693 1910 1888 2009 significari.
1939 1919 2072 1986 Harum
2097 1943 2217 1990 rerum

290 2031 412 2112 ,minus
437 2031 543 2131 periti
571 2034 646 2108 W
640 2031 769 2104 altbert*
790 2031 930 2104 lexicon
956 2013 1226 2130 diplomaticum
1251 2029 1395 2118 adeant,
1421 2050 1456 2102 et
1480 2031 1577 2102 idem
1603 2057 1621 2102 e
1648 2031 1814 2104 columna
1830 2038 1932 2116 XIX,
1957 2011 2118 2135 pluribus
2135 2039 2217 2138 plu-

294 2151 387 2224 rium
412 2151 634 2223 saeculorum
660 2152 828 2253 exemplis
854 2151 998 2224 discant.
1051 2155 1095 2222 dt
1119 2178 1204 2224 vero
1229 2149 1377 2234 haereo,
1404 2179 1473 2250 qua
1498 2152 1633 2225 ratione
1659 2155 1872 2226 vocabulum
1898 2183 1981 2228 cum
2006 2178 2104 2230 textu
2130 2187 2216 2232 con-

292 2274 453 2354 tineatur.
523 2274 684 2348 Coniicio
721 2276 791 2370 Iege
825 2274 882 2346 vel
916 2274 1028 2345 simile
1065 2257 1212 2346 verbum
1248 2271 1459 2369 cogitatione
1496 2273 1700 2344 addendum
1737 2300 1809 2346 esse
1836 2277 1893 2375 ²¹³),
1938 2296 1973 2348 et
2007 2278 2135 2378 respici
2171 2283 2216 2352 ad
2325 2315 2328 2322 ·

202 2377 211 2394 ’
295 2396 432 2468 lPetr.
460 2401 500 2483 V,
527 2397 561 2466 8.
614 2409 864 2496 Γρηγορησατι.
916 2405 1137 2484 Θαντιὸικος
1162 2427 1253 2490 νμων
1273 2405 1432 2488 διαβολος
1451 2431 1495 2484 ως
1514 2409 1596 2472 lasau
1616 2429 1803 2494 ωρυομενος
1821 2433 1992 2493 naptarum
2014 2414 2119 2494 ζητων
2138 2437 2215 2482 τινα

291 2543 480 2595 autumate,
518 2515 575 2588 vel
601 2514 750 2586 similem
777 2513 994 2612 aliquemN.
1021 2518 1062 2586 Τ.
1090 2514 1318 2614 epistolarum
1343 2512 1475 2586 locum.
1537 2512 1732 2612 Apostolus
1758 2515 1853 2586 enim
1878 2518 2024 2616 antiquo
2052 2546 2117 2591 usu
2143 2522 2212 2620 syl-

290 2637 371 2732 loge
390 2637 618 2737 epistolarum
635 2635 909 2735 apostolicarum
925 2635 1179 2707 nominabatur.
1218 2633 1353 2728 Quod
1344 2660 1382 2704 ιιι
1398 2637 1520 2740 vulgus
1537 2635 1701 2708 notum*
1702 2635 1748 2728 9).
1787 2644 1839 2709 Ita
1857 2641 1961 2712 etiam
1978 2667 2056 2741 pag.
2077 2643 2210 2716 119.1.

295 2758 428 2830 uude
412 2785 450 2827 tn
478 2756 641 2855 apostolo
667 2753 866 2853 colaphizat
892 2753 1150 2852 explicandum.

1133 2892 1167 2990 p.
1205 2891 1264 2960 aa.

192 3008 305 3095 ΚᾸΊῖ
353 3016 433 3084 Ηοο
458 3008 713 3108 compendium
738 3009 790 3080 bis
817 3007 1063 3080 tantummodo
1089 3007 1126 3080 in
1150 3009 1241 3081 libro
1267 3029 1392 3082 nostro
1418 3009 1546 3112 reperi.
1598 3010 1754 3084 Primum
1771 3014 1866 3086 enim
1882 3041 1960 3116 pag.
1981 3018 2062 3091 196.
2081 3020 2209 3094 deinde

289 3160 369 3234 pag.
397 3135 469 3225 274
494 3151 614 3203 exstat.
668 3134 755 3201 Tam
781 3129 826 3201 de
851 3129 1014 3215 nomine,
1042 3129 1139 3225 quod
1166 3129 1238 3201 hoc
1264 3128 1478 3229 compendio
1505 3129 1733 3225 significatur,
1769 3161 1875 3230 quam
1902 3136 1946 3206 de
1974 3139 2207 3237 explicatione

289 3255 424 3328 dubito
476 3255 599 3325 Statim
611 3252 720 3332 enim
743 3250 960 3323 intuentibus
985 3251 1121 3323 nobis
1111 3277 1149 3320 ιιι
1174 3264 1329 3321 mentem
1349 3249 1459 3335 venit,
1487 3249 1584 3346 quod
1608 3252 1844 3350 praecedente
1862 3257 1988 3354 pagina
2004 3258 2073 3330 195
2095 3261 2210 3359 plenis

290 3375 402 3446 literis
427 3374 598 3474 scriptum
625 3393 690 3460 est,
716 3401 911 3466 καταχησις,
942 3375 1047 3444 etiam
1072 3373 1132 3444 hic
1158 3355 1341 3470 significari
1370 3370 1479 3442 tribus
1504 3371 1704 3445 initialibus.
1756 3380 1802 3448 At
1827 3403 1911 3451 vero
1937 3406 2012 3452 non
2037 3381 2208 3482 intellig0,

297 3497 384 3594 quid
409 3495 477 3568 hac
504 3522 591 3569 voce
615 3493 677 3565 bic
702 3495 767 3566 sibi
792 3495 943 3568 voluerit
968 3495 1089 3567 scriba.
1140 3494 1261 3567 Primo
1287 3494 1387 3581 loco,
1421 3520 1499 3597 pag.
1529 3492 1614 3582 195,
1641 3497 1740 3568 facile
1769 3525 1833 3570 cur
1858 3500 2087 3573 adiectum
2061 3525 2106 3575 ιιι
2131 3531 2211 3577 sen-

289 3619 384 3691 titur.
436 3623 567 3702 Textus
593 3621 698 3690 verba
723 3643 840 3688 ansam
865 3621 1113 3717 praebuerunt.
1165 3615 1305 3710 Quodsi
1329 3642 1407 3714 pag
1438 3617 1509 3688 196
1534 3637 1570 3690 et
1596 3617 1667 3708 274
1693 3619 1880 3716 repetitur,
1918 3621 2053 3693 nullam
2079 3623 2209 3696 adiecti

289 3742 386 3812 verbi
412 3768 552 3818 cansam
578 3738 759 3838 expiscor,
786 3736 987 3824 nisibeno,
1014 3737 1136 3809 locum
1160 3736 1267 3808 istum
1293 3738 1337 3810 ad
1363 3764 1471 3835 quem
1495 3764 1565 3812 vox
1590 3738 1708 3810 addita
1733 3761 1785 3812 est
1810 3743 2004 3815 accuratius
2031 3745 2208 3818 catechesi

278 3943 310 4016 3⁶)
353 3943 424 4002 Nec
450 3911 589 4004 sortasse
613 3941 678 4002 hoc
705 3937 846 4022 quidem.
874 3936 990 3999 Plane
1018 3937 1099 3998 enirn
1126 3956 1190 3998 non
1219 3911 1331 3998 contra
1358 3937 1512 4041 pugnabo
1539 3933 1565 3996 si
1592 3933 1820 3997 nominativum
1849 3935 2006 4016 apostolum
2032 3939 2207 4006 existimes.

347 4033 537 4114 Saepissime
567 4033 650 4095 euim
679 4032 731 4094 illa
759 4043 860 4095 aetate
882 4051 999 4111 genera
1021 4037 1268 4121 commutarunt,
1300 4025 1444 4129 inprimis
1465 4049 1673 4107 personarum
1695 4028 1877 4092 nominibus
1898 4036 2009 4095 adres
2032 4035 2206 4098 translatis.

348 4129 514 4208 Nusquam
541 4128 691 4202 hymnum
714 4147 776 4204 pro
792 4128 927 4203 hymnus
954 4125 1038 4203 apud
1063 4111 1229 4204 antiquos.
1269 4116 1419 4184 Tamen
1410 4139 1443 4181 ιιι
1465 4118 1578 4182 codice
1600 4121 1778 4183 ''·lhuaneo
1789 4118 2002 4186 Colbertiuo:
2026 4125 2207 4189 YMNYM

350 4217 649 4282 ANGELICUM.
692 4217 771 4280 vid.
792 4217 904 4279 Matitt.
925 4222 963 4280 de
984 4239 1019 4280 re
1041 4215 1207 4297 diplomat.
1230 4214 1290 4278 lul.
1313 4215 1385 4277 637

254 4317 302 4394 **)
344 4311 402 4376 Cl.
422 4313 473 4374 Du
491 4313 595 4396 Fratue
615 4312 760 4374 Glossar.
786 4311 906 4374 mediae
927 4325 958 4376 et
978 4311 1103 4374 infimae
1125 4308 1333 4386 Graecitatis,
1360 4309 1419 4370 sub
1442 4326 1517 4371 voc.
1540 4301 1741 4386 ἀπόστολος,
1774 4308 1889 4370 Sulcert'
1909 4311 2067 4372 Thesaur.
2091 4310 2206 4375 eccles.

348 4410 407 4471 sub
429 4409 539 4469 eodem
561 4405 744 4480 vocabul03
774 4391 815 4468 du
840 4408 944 4468 Fratue
965 4405 1075 4469 Gloss.
1105 4407 1186 4466 med.
1213 4414 1247 4469 et
1273 4403 1373 4468 inlim.
1396 4402 1485 4465 latin.
1506 4403 1565 4464 sub
1587 4422 1669 4464 voce
1689 4405 1831 4481 apostoliae
1851 4415 1883 4465 et
1902 4403 2024 4466 Eosdoru
2044 4405 2103 4467 sub
2126 4425 2204 4469 voc.

347 4496 633 4610 πραξαπόοτολος.
674 4502 808 4562 Qum
828 4497 1062 4564 ἀπόστολον..
1076 4493 1356 4584 πραξαπόστολον
1369 4500 1503 4560 eundem
1518 4495 1635 4558 librum
1650 4499 1818 4560 ostendere
1834 4496 1892 4560 ait.
1933 4497 2046 4561 Recte.
2088 4497 2206 4564 Nullus

348 4596 430 4660 enirn
452 4592 529 4657 mihi
549 4594 672 4658 locus'
661 4592 817 4669 innotuit,
846 4617 911 4678 quo
934 4599 1121 4669 doceretur,
1153 4589 1343 4656 ἀπόστολον
1363 4591 1448 4654 solas
1470 4589 1565 4654 Pauli
1586 4589 1737 4672 epistolas
1757 4585 1940 4668 complecti.
1983 4590 2072 4668 Quae
2093 4592 2205 4674 opinio

346 4689 420 4754 iude
441 4709 562 4753 emersa
583 4701 647 4764 est,
678 4689 753 4772 quia
780 4689 901 4752 Paulus
923 4709 986 4752 non
1007 4684 1140 4752 semel
1126 4707 1144 4749 ο
1165 4682 1353 4760 ἀπόστολος
1374 4683 1580 4768 singulariter
1601 4683 1836 4748 conuiuabatur.
1878 4680 1983 4748 Liber
2005 4685 2222 4756 sacrament..

284 4849 287 4856 ,
348 4783 562 4863 Gramina
597 4783 741 4861 „deinde
769 4781 914 4866 sequitur
940 4783 1150 4862 apostulusf‘
1191 4781 1345 4842 Hiacmur.
1369 4780 1448 4840 Rem.
1477 4779 1574 4842 Τοιιι.
1597 4779 1628 4840 2.
1656 4795 1771 4856 opusc.
1793 4777 1824 4837 7.
1846 4795 1924 4856 pag.
1949 4775 2021 4838 1²19.
2063 4779 2204 4862 „Usque

348 4881 388 4942 ad
413 4877 651 4960 evangelium
642 4901 674 4941 ιιι
705 4878 796 4942 missa
825 4889 910 4940 stare
940 4875 1043 4940 solent
1071 4889 1102 4940 et
1131 4879 1297 4940 recedunt.
1346 4870 1459 4935 Statim
1479 4884 1556 4978 post
1576 4869 1756 4950 apostolum
1777 4905 1815 4920 -
1836 4901 1875 4920 ·-
1896 4903 1934 4918 -
1954 4869 2034 4932 baec
2053 4870 2204 4954 legite.“

345 4971 496 5042 Mateta..
515 4971 577 5035 iter
597 4973 703 5037 Italic.
726 4972 808 5035 Vol.
832 4973 875 5036 ll.
898 4972 989 5034 Mus.
995 4991 1086 5062 pag.
1113 4971 1245 5052 septima
1274 4966 1396 5033 ordinis
1424 4962 1633 5047 antiquissimi
1654 4961 1811 5027 Romani.
1847 4960 2014 5038 „Rediens
2034 4967 2075 5028 ad
2093 4964 2204 5048 ponti·

346 5067 439 5130 licem
460 5065 692 5142 subdiaconus,
711 5065 854 5150 porrigit
874 5065 904 5130 ei
925 5063 1120 5147 mappulam,
1139 5063 1294 5127 inclinans
1315 5085 1348 5126 se
1369 5063 1409 5124 ad
1430 5079 1532 5144 genua
1552 5057 1652 5136 illius,
1673 5071 1704 5122 et
1724 5056 1849 5134 dicens,
1864 5086 1902 5105 -
1917 5093 1955 5112 -
1976 5055 2048 5122 talis
2070 5058 2203 5124 subdia·

345 5181 445 5226 conus
464 5191 503 5208 -
524 5197 562 5212 -
582 5159 670 5242 leget
689 5164 887 5243 apostolum,
914 5172 946 5226 et
965 5158 1037 5225 talis
1056 5161 1096 5224 de
1116 5159 1228 5225 schola
1249 5155 1438 5221 cantabit.“
1459 5173 1508 5217 aa.
1530 5151 1566 5217 ll.

306 5278 395 5340 actua.
416 5279 472 5333 cot.
490 5279 596 5342 amu
1664 5257 1685 5320 ⁵
