5240 6318
707 441 770 504 DE
795 439 980 506 CODlClS
1001 439 1178 504 Partus
1200 441 1261 503 ET
1283 437 1490 502 AETATE.
1535 435 1640 502 CAP.
1662 437 1742 500 vlt.
2126 439 2227 500 XLV

214 625 292 698 Vol.
313 624 346 695 2.
373 649 452 722 pag.
474 623 572 720 533).
622 625 747 692 Nonne
773 619 889 692 Caroli
915 640 1075 720 tempore
1101 639 1348 720 praeceptores
1365 597 1495 694 Scotici
1521 620 1674 706 evocati,
1700 618 1832 718 patriae
1850 618 2006 690 usumin
2027 619 2225 703 Germania,

205 746 329 818 ,Gallia
354 765 391 817 et
406 742 610 815 Alamannia
634 741 877 840 propagavisse
903 741 1051 839 putandi
1076 743 1182 812 suutl
1229 743 1383 814 Maximo
1409 762 1526 815 autem
1550 742 1588 813 iu
1614 769 1731 815 errore
1757 759 1955 825 versantur,
1984 741 2045 836 qui
2070 739 2227 832 singulos

214 889 350 939 tautum
375 871 499 938 Scotos
530 865 568 934 in
592 863 744 935 Galliam
768 863 993 934 Germaniam
1022 883 1057 933 et
1087 864 1328 935 Alamanniam
1361 885 1608 964 praeceptores
1638 864 1771 937 venisse
1807 863 2012 966 existimant.
2063 865 2227 931 Catervae

214 988 308 1060 enim
333 988 403 1060 iam
428 1015 447 1058 a
472 1006 570 1058 sexto
595 984 678 1056 inde
704 983 843 1056 saeculo
870 985 935 1080 (Cf.
954 982 1065 1056 Perta.
1083 1010 1244 1062 monum.
1267 991 1303 1055 P.
1323 987 1355 1056 2.
1381 1012 1459 1083 pag.
1482 984 1541 1074 15)
1567 1004 1678 1056 terrae
1705 983 1917 1056 continentis
1942 983 2102 1080 regiones
2129 982 2227 1079 quasi

212 1111 437 1182 inundarunt.
490 1106 626 1179 Saeculi
654 1105 741 1177 noni
773 1107 942 1204 scriptor,
975 1108 1088 1176 Abbas
1121 1105 1302 1203 Augiensis
1338 1109 1411 1182 W
1407 1107 1583 1208 alefridus
1606 1106 1733 1178 Strabo
1744 1105 1782 1205 ³⁰)
1809 1105 1910 1186 dicit,
1944 1103 2079 1175 nationi
2103 1108 2228 1175 Scoto-

213 1257 292 1303 rum
317 1227 563 1330 peregriuandi
589 1227 880 1301 consuetudinem
905 1227 975 1298 iam
1003 1253 1114 1325 paene
1140 1228 1360 1299 iuncturam
1388 1253 1592 1301 conversam
1618 1253 1700 1310 esse,
1738 1225 1865 1298 deinde
1892 1227 1935 1298 de
1961 1226 2221 1324 peregrinatore

211 1352 307 1453 apud
332 1356 364 1424 S.
391 1351 533 1423 Gallum
558 1353 647 1420 bene
671 1346 793 1420 habito
817 1351 922 1422 verba
946 1350 1084 1421 faciens.
1136 1354 1226 1420 Ante
1252 1375 1383 1421 annum
1408 1351 1481 1421 880
1506 1349 1629 1421 Ericus
1656 1350 1698 1419 ad
1725 1349 1891 1421 Carolum
1912 1348 2073 1420 Calvum:
2101 1348 2224 1441 „Quid

215 1474 417 1546 Hiberniam
443 1497 653 1557 memorem,
679 1490 887 1570 contempto
912 1471 1028 1569 pelagi
1054 1471 1254 1542 discrimine
1277 1499 1388 1570 paene
1413 1485 1524 1545 totam
1542 1499 1620 1542 cum
1633 1499 1733 1566 grege
1746 1469 2038 1571 philosophorum
2056 1473 2110 1543 ud
2123 1472 2228 1543 lr'loru

213 1609 334 1668 nostra
358 1595 589 1690 migrantem?
625 1619 779 1689 quorum
805 1593 962 1690 quisquis
987 1593 1136 1691 peritior
1162 1614 1228 1676 est,
1262 1594 1357 1665 ultro
1383 1595 1448 1664 sibi
1473 1594 1597 1665 indicit
1623 1593 1806 1674 exsilium“
1832 1614 1897 1664 etc.
1913 1591 1986 1692 it²).
2036 1599 2155 1691 Usque
2182 1594 2224 1663 ad

211 1717 389 1790 saeculum
422 1714 652 1788 undecimum
685 1713 943 1786 monachorum
975 1714 1160 1786 Hiberniae
1196 1715 1417 1786 eruditorum
1452 1716 1612 1787 coloniae
1644 1716 1682 1785 in
1717 1715 1940 1786 Germaniam
1977 1716 2224 1812 migraverunt.

210 1838 379 1911 Coloniae
404 1837 636 1936 Agrippinae,
662 1834 887 1916 Ratisbonae‚
913 1835 1114 1936 Herbipoli,
1138 1836 1404 1933 Norimbergae,
1430 1837 1677 1918 Vindobonae,
1708 1843 1833 1934 Pragae
1859 1837 2003 1934 aliisque
2029 1837 2117 1908 locis
2144 1863 2225 1908 coe-

209 1961 315 2034 nobia
340 1960 378 2030 in
404 1985 529 2031 eorum
554 1984 658 2028 usum
683 1956 925 2028 condebantur
950 1979 1103 2056 quorum
1129 1957 1237 2030 hodie
1264 1957 1378 2055 aliqua
1403 1979 1536 2029 exstant
1553 1957 1645 2050 aaa).
1696 1965 1774 2030 Nou
1790 1985 1934 2058 possum
1952 1959 2038 2056 quin
2055 1959 2225 2031 hocloco

206 2108 424 2165 memorem,
458 2081 562 2180 etiam
586 2079 681 2150 haud
709 2079 861 2150 multum
885 2107 904 2150 a
929 2085 961 2152 S.
988 2081 1092 2152 Gallo
1110 2101 1285 2154 remotum
1302 2082 1552 2152 monasterium
1565 2087 1752 2153 Scotorum
1768 2081 1908 2152 saeculo
1924 2104 2023 2151 nono
2040 2081 2220 2152 exstitisse.

209 2204 392 2304 Diploma,
432 2229 505 2300 quo
531 2201 676 2272 Carolus
701 2206 841 2272 Crassus
866 2205 1054 2273 Scotorum
1079 2202 1117 2271 in
1142 2223 1262 2273 monte
1292 2207 1323 2273 S.
1350 2202 1501 2274 Victoris
1536 2229 1650 2303 prope
1681 2200 1880 2272 Feldlririch
1912 2201 2018 2271 situm
2051 2205 2083 2272 S.
2120 2203 2223 2272 Gallo

142 2423 144 2428 ,
209 2326 367 2412 donavit,
392 2324 516 2394 datum
541 2343 601 2394 est.
619 2347 713 2394 anno
740 2318 810 2392 883
837 2323 871 2394 9.
899 2323 975 2394 Kal.
1004 2326 1080 2392 Oct.
1108 2347 1200 2394 auno
1225 2324 1310 2422 imp.
1337 2323 1374 2393 in
1399 2325 1473 2395 Ital.
1491 2327 1522 2396 1.
1554 2325 1641 2394 Vide
1660 2321 1865 2421 Ildephons.
1886 2323 2036 2396 abArx.
2054 2323 2092 2392 in
2109 2321 2221 2394 Perta.

210 2474 369 2520 monum.
395 2447 418 2518 l.
445 2473 475 2516 c.
502 2470 579 2544 pag.
599 2447 657 2516 75.
685 2443 805 2514 adnot.
832 2442 891 2515 89.
942 2448 983 2512 In
1009 2442 1234 2540 Lotharingia
1260 2471 1342 2518 cum
1366 2446 1509 2516 Graecis
1536 2445 1717 2517 coniuncti
1741 2445 1837 2516 Scoti
1863 2445 2113 2516 monasterium
2139 2472 2225 2516 cou-

208 2568 388 2653 diderunt,
413 2568 451 2637 in
476 2592 549 2664 quo
576 2564 788 2637 cerimoniae
804 2569 958 2635 Graecae
971 2565 1085 2663 7777).
1135 2565 1410 2636 Iucundissimae
1435 2566 1540 2637 lectu¹
1555 2585 1652 2648 sunt,
1673 2566 1853 2665 simulque
1887 2565 1977 2650 vim,
2005 2593 2109 2663 quam
2127 2569 2223 2638 Scoti

210 2689 280 2760 illis
304 2689 450 2762 saeculis
474 2688 513 2758 in
536 2687 773 2760 eruditionem
797 2688 994 2762 universam
1020 2689 1235 2762 exseruerint
1258 2687 1532 2760 luculentissime
1559 2687 1692 2762 docent
1716 2688 1901 2786 epistolae,
1936 2715 2022 2784 quas
2041 2690 2092 2768 Cl,
2119 2695 2220 2760 Usse-

209 2811 280 2884 rius
306 2810 451 2908 collegit
476 2830 511 2880 et
536 2810 692 2904 a.1632.
744 2808 900 2880 Dublinii
933 2807 1053 2880 edidit.
1109 2814 1163 2880 Ex
1187 2808 1242 2880 his
1267 2808 1429 2880 omuibus
1459 2808 1643 2894 discimus,
1679 2809 1756 2884 fieri
1782 2808 1928 2882 omniuo
1943 2835 2027 2882 uon
2051 2808 2217 2908 potuisse,

208 2932 296 3029 quin
320 2952 593 3032 praeceptorum
618 2931 840 3004 Scotieorum
866 2929 1139 3004 consuetudines
1164 2949 1334 3004 nostrates
1359 2929 1577 3006 imbiberent.

1140 3111 1175 3200 g,
1205 3109 1286 3179 111.

302 3245 454 3317 Maxime
481 3263 598 3315 autem
622 3245 659 3313 in
686 3246 861 3318 coenobio
886 3247 1146 3344 Sanctigalleusi
1177 3246 1336 3318 Scoticus
1363 3269 1440 3315 mos
1476 3244 1631 3340 ritusque
1658 3245 1849 3316 obtinuisse
1882 3245 2031 3318 videtur.
2082 3249 2221 3320 Gloria-

204 3370 331 3437 bantur
362 3363 645 3461 sanctigallenses
678 3365 864 3438 fundatore
897 3371 1004 3439 Scoto
1038 3387 1141 3464 atque
1176 3388 1347 3468 patrono;
1388 3371 1513 3439 Scotos
1545 3366 1743 3466 saepissime
1777 3368 1870 3468 apud
1901 3395 1937 3440 se
1970 3367 2142 3441 habebant
2168 3375 2218 3466 †).

204 3490 351 3560 Saeculo
383 3513 480 3559 nono
514 3487 690 3558 Eusebius
720 3485 912 3583 scotigena
940 3488 1013 3558 illio
1053 3490 1172 3560 sedem
1215 3488 1448 3560 collocaverat
1475 3491 1563 3588 ††),
1607 3488 1754 3560 Morcus
1790 3489 1975 3561 Hiberniae
2009 3491 2216 3590 episcopus,

204 3609 422 3682 mansionem
448 3610 576 3679 fecerat
591 3611 708 3705 †††),
734 3612 858 3678 Scotus
882 3606 1091 3694 Marcellus,
1118 3609 1155 3679 in
1182 3607 1307 3680 divinis
1333 3630 1368 3680 et
1392 3610 1554 3682 humanis
1580 3610 1854 3698 eruditissimus,
1880 3613 2009 3684 scholis
2022 3616 2219 3712 Sangallen-

204 3731 299 3802 sibus
323 3730 388 3801 diu
412 3728 562 3828 praefuit
575 3731 713 3824 ††††).
765 3727 800 3799 si
831 3754 922 3828 opus
946 3756 1021 3802 esse
1046 3730 1225 3802 videretur
1251 3731 1295 3803 de
1325 3731 1511 3817 Clemente,
1545 3732 1722 3818 Faitono,
1760 3733 1969 3820 Breudano,
2009 3735 2216 3820 Dubstono,

201 3843 366 3935 Adana,
405 3850 566 3936 Decide,
602 3842 879 3936 Melchombero,
917 3851 1130 3946 Fortegiono
1156 3851 1301 3948 aliisque
1327 3877 1525 3934 monerem,
1563 3853 1625 3948 qui
1658 3879 1780 3924 omnes
1807 3854 1850 3924 de
1875 3859 1908 3926 S.
1934 3856 2038 3928 Gallo
2064 3857 2218 3955 magistri

180 3991 419 4046 meruerunt.
471 3971 558 4041 Inde
584 3971 779 4068 colligitur,
807 3995 950 4042 omnem
975 3975 1007 4043 S.
1034 3970 1127 4041 Galli
1152 3971 1409 4043 institutionem
1434 3971 1677 4044 scholasticam
1703 3975 1746 4046 ad
1762 3976 1946 4050 Hiberniae
1966 4006 2126 4051 normam
2144 4008 2216 4052 esse

218 4146 575 4168 -ιΔ-ι-ι-ι-Ι-

205 4271 210 4280 ¹
289 4288 319 4362 *)
362 4268 416 4348 Cl.
437 4285 514 4349 libr.
535 4285 574 4345 de
596 4279 757 4345 miraculis
779 4285 815 4345 S.
838 4281 924 4344 Galli
940 4285 1028 4364 apud
1049 4281 1177 4345 Goldaat.
1200 4285 1222 4351 Ι.
1242 4305 1272 4347 c.
1295 4306 1371 4369 pag.
1391 4287 1463 4350 275.
1485 4308 1517 4350 c.
1540 4290 1591 4352 ll.
1613 4309 1666 4370 ap.
1688 4291 1784 4352 Perta.
1804 4312 1879 4374 pag.
1902 4295 1953 4357 30.

267 4383 317 4456 ω)
360 4378 416 4442 Cf.
439 4381 550 4442 Mutet.
572 4379 655 4440 Acta
677 4381 751 4440 ord.
773 4377 808 4439 S.
831 4378 952 4439 Beued.
976 4375 1056 4440 Vol.
1079 4378 1158 4453 Vll,
1179 4399 1255 4462 pag.
1270 4381 1343 4443 326.

251 4477 318 4552 aas)
361 4472 418 4536 Cl.
441 4472 560 4534 Cramer
579 4473 799 4554 Fortsetzuag
821 4492 854 4532 v.
875 4472 994 4534 Bosstset
1015 4469 1148 4538 Einleit.
1171 4471 1203 4533 in
1226 4476 1258 4535 tl.
1283 4472 1476 4540 Geschicbte
1497 4477 1529 4538 d.
1553 4477 1642 4541 Welt
1664 4503 1697 4542 u.
1720 4481 1752 4542 d.
1775 4478 1938 4558 Religion.
1962 4480 2080 4546 Flinltc
2104 4485 2214 4548 Forte.

359 4589 439 4651 pag.
460 4569 513 4630 87.
535 4565 666 4628 Goldastt'
687 4586 769 4627 cerr.
792 4565 848 4628 ΑΙ.
872 4567 969 4627 Τοιιι.
992 4566 1053 4627 lll.
1077 4566 1181 4646 prael.
1203 4585 1278 4646 pag.
1301 4567 1333 4628 6.

231 4663 317 4741 ⁶⁶⁹³)
360 4660 418 4727 Cf.
438 4661 564 4722 Haerere:
584 4659 778 4724 Geschicbte
800 4663 854 4722 des
869 4661 964 4722 Stud.
986 4661 1019 4720 d.
1042 4661 1136 4721 alass.
1160 4659 1229 4724 Lit.
1252 4661 1314 4723 Bd.
1328 4661 1357 4723 l.
1384 4681 1462 4745 pag.
1478 4664 1536 4725 167
1557 4675 1586 4725 et
1607 4663 1751 4728 Histoire
1773 4665 1857 4728 liter.
1881 4669 1918 4730 dc
1940 4669 1968 4729 la
1991 4671 2127 4735 Franco.
2150 4673 2213 4757 Vl,

148 4751 168 4783 ²
383 4777 436 4836 ag.
457 4756 510 4817 57.

279 4849 319 4926 †)
358 4779 418 4913 Cf.
439 4850 535 4910 Perta.
556 4847 638 4912 Vol.
661 4850 701 4920 9.
715 4870 792 4930 pag.
814 4849 866 4911 37.

253 4947 319 5023 ††)
362 4943 572 5024 etampes.
593 4947 676 5025 aptad
696 4944 864 5006 Goldosttrm
884 4943 981 5004 Tum.
1004 4939 1033 5004 l.
1057 4943 1098 5006 P.
1118 4944 1148 5006 Ι.
1170 4964 1245 5024 pag.
1267 4944 1319 5006 32.
1341 4965 1394 5026 ap.
1416 4943 1510 5004 reae.
1531 4963 1607 5030 pag.
1631 4945 1679 5010 73.

229 5040 320 5116 †††)
363 5036 420 5102 Cl.
441 5039 605 5127 Ellelurds'
625 5036 759 5100 minoris
780 5037 896 5100 librum
918 5040 957 5100 de
978 5034 1104 5098 casibus
1126 5039 1162 5099 S.
1185 5036 1270 5100 Galli
1290 5039 1374 5120 apud
1394 5035 1526 5101 Getam.
1548 5037 1572 5100 l.
1594 5059 1624 5100 c.
1647 5059 1723 5122 pag.
1744 5042 1795 5106 36.

202 5135 321 5212 ††††)
364 5131 421 5197 ct.
442 5133 602 5194 Ettetaat
623 5153 677 5212 ap.
705 5130 833 5194 Goldaat.
854 5129 877 5194 l.
899 5151 927 5193 c.
947 5151 1023 5215 pag.
1045 5130 1097 5198 36.
1119 5151 1172 5211 ap.
1194 5131 1289 5194 Perta.
1309 5151 1387 5216 pag.
1410 5125 1460 5197 78.
1555 5175 1557 5180 -
