5240 6318
430 461 492 526 DE
515 459 655 526 NOTIS
675 457 999 524 MANUSCRIPTI
1019 455 1373 522 sansancttttsts
1394 455 1760 521 MARGINALIBUS.
1802 454 1906 520 CAP.
1926 455 1990 521 Vl.
2056 457 2238 546 xxxtx,

199 639 439 740 expositiones
459 640 679 725 scribentem,
705 638 743 709 in
760 637 975 737 praefatione
998 662 1086 712 vocs
1105 634 1299 709 cantilenae
1320 663 1423 709 usum
1446 661 1537 720 esse,
1573 635 1672 733 quod
1694 633 1844 734 potioris
1866 617 2060 735 argumenii
2080 658 2217 707 memor

203 783 285 843 erat.

1152 902 1186 1002 a.
1212 899 1271 973 aa.

296 1043 338 1107 In
361 1056 484 1110 nostro
516 1034 642 1107 codice
674 1058 717 1104 eo
746 1031 816 1103 sere
844 1058 948 1104 sensu
978 1059 1085 1131 quem
1113 1037 1285 1111 Notlrcrus
1312 1031 1493 1135 exposuit,
1530 1030 1750 1133 deprehendi
1774 1031 1837 1103 has
1860 1033 1992 1106 literas·

252 1162 294 1232 A.
344 1158 400 1230 bis
429 1167 565 1229 tantum
591 1152 819 1226 animadverti
844 1155 978 1254 paginis
995 1158 1064 1228 527
1092 1177 1127 1228 et
1148 1155 1264 1231 557.

257 1285 295 1351 C.
348 1286 391 1350 In
415 1279 550 1378 paginis
574 1276 749 1374 sexaginta
773 1302 924 1364 novem,
950 1278 998 1352 ita
1022 1298 1063 1349 ut
1087 1279 1125 1349 in
1149 1279 1331 1352 nonnullis
1356 1276 1464 1349 semel
1490 1297 1637 1363 tantum,
1664 1277 1701 1348 in
1728 1277 1802 1348 aliis
1827 1276 1926 1362 bis,'
1916 1303 1954 1347 ιιι
1980 1276 2054 1347 aliis
2079 1277 2216 1376 saepius

229 1481 233 1486 ,
347 1402 549 1501 reperiatur.
600 1405 643 1470 In
667 1397 846 1472 Matthaeo
872 1400 1007 1500 paginis
1032 1400 1114 1473 solis
1132 1402 1194 1492 41,
1220 1403 1286 1491 46,
1313 1403 1379 1492 47,
1406 1401 1472 1486 78,
1498 1399 1546 1473 92
1565 1399 1750 1497 detegitur.
1803 1403 1869 1470 Per
1886 1399 2030 1470 alteram
2045 1397 2213 1469 Matthaei

342 1541 481 1621 partem
514 1540 550 1592 et
578 1545 644 1620 per
675 1539 791 1593 totum
823 1526 983 1594 Marcum
1011 1548 1056 1594 ne
1090 1522 1273 1620 vestigium
1307 1521 1462 1619 quidem.
1512 1528 1554 1592 In
1586 1522 1710 1621 pagina
1739 1521 1828 1608 196,
1865 1547 1955 1619 quae
1981 1540 2033 1592 est
2057 1519 2212 1592 secunda

345 1648 472 1729 Lucae,
498 1640 655 1743 primum
683 1639 785 1714 redit.

257 1741 309 1840 Es
350 1771 430 1864 Pag.
456 1765 516 1836 60.
542 1789 620 1864 pag.
646 1762 707 1841 92
732 1789 811 1862 pag
839 1763 921 1855 264.
949 1761 1032 1859 (hic
1057 1766 1164 1836 rubro
1190 1764 1312 1837 colore
1338 1765 1502 1866 pictum.)

257 1892 301 1959 K.
352 1886 467 1959 Semel
486 1912 568 2023 pag
597 1885 664 1955 211
694 1905 821 1972 exstat,
855 1911 930 1958 uon
955 1885 1153 1958 affirmarim
1178 1913 1284 1959 sensu
1306 1887 1528 1960 Notleriano.

258 2012 298 2080 L.
350 2015 393 2081 In
416 2007 552 2108 paginis
576 2007 795 2107 septuaginta
819 2007 930 2078 tribus
955 2007 1192 2108 conspicitur,
1218 2010 1344 2097 semel,
1370 2010 1422 2082 bis
1444 2031 1556 2093 terve,
1583 2035 1648 2109 per
1663 2009 1815 2107 singulas
1835 2013 1989 2116 paginas.
2043 2019 2085 2084 In
2102 2015 2216 2086 omniu

344 2133 409 2203 bus
434 2127 702 2205 locis·Notleri
723 2127 897 2228 expositio
922 2129 1045 2202 locum
1069 2130 1198 2204 habere
1223 2152 1350 2233 potest.

252 2259 294 2332 tt.
346 2253 401 2326 Bis
428 2273 565 2324 tantum
588 2251 716 2349 legitur
741 2276 819 2351 pag.
847 2249 914 2337 55,
940 2252 998 2324 70.
1058 2253 1125 2324 Sed
1152 2255 1272 2353 priore
1298 2257 1382 2328 loco
1408 2274 1506 2326 certo
1532 2257 1708 2325 Graecum
1735 2275 1802 2336 est,
1829 2254 1933 2326 etad
1962 2279 2102 2342 ονομαιι
2129 2258 2215 2328 refe-

351 2374 521 2466 rendum;
543 2373 657 2446 'altero
683 2374 766 2446 loco
792 2373 912 2447 nescio
938 2393 1058 2446 utrum
1082 2382 1121 2448 N.
1148 2404 1192 2448 an
1217 2383 1259 2450 H.
1288 2405 1361 2451 esse
1387 2377 1513 2449 dicam.

255 2504 292 2571 P.
344 2497 446 2568 Nude
472 2495 629 2597 positum
654 2496 763 2568 semel
788 2515 924 2568 tantum
949 2498 1073 2598 reperi.
1125 2503 1247 2593 Quum
1271 2501 1463 2573 Notlrerum
1486 2522 1561 2569 non
1586 2497 1796 2594 intelligam,
1823 2498 1936 2570 multo
1962 2499 2102 2569 minus.
2096 2523 2213 2596 expo·

344 2618 509 2691 sitionem
533 2618 752 2717 probabilem
777 2617 883 2689 huius
907 2619 1027 2691 literae
1053 2622 1180 2692 referre
1205 2647 1362 2721 possum.
1411 2619 1557 2690 Lineola
1580 2618 1800 2717 supraposita
1817 2619 2135 2692 abbreviatarum
2109 2620 2214 2716 srgni-

345 2741 426 2810 licat
450 2740 599 2836 vulgaris
626 2739 890 2811 consuetudinis
911 2767 1009 2835 prae.
1061 2721 1204 2831 Quod
1194 2767 1232 2811 ιιι
1256 2740 1353 2811 hunc
1377 2741 1499 2812 locum
1525 2767 1599 2813 non
1625 2740 1782 2836 quadrat
1845 2746 1962 2833 Quare
1988 2741 2135 2813 idem
2109 2743 2214 2839 sagni·

345 2861 449 2931 ficare
477 2859 658 2944 existimo,
685 2858 783 2955 quod
810 2865 862 2929 Ps.
913 2860 1021 2953 Quod
1048 2860 1138 2933 vide.

250 2986 296 3077 Q.
346 2981 481 3052 Tricies
507 3000 625 3052 exstat.
684 2978 897 3076 Significatio
924 3006 1012 3077 quae
1039 3008 1058 3051 a
1082 2981 1236 3052 Notlrero
1262 2980 1347 3052 huic
1372 2981 1493 3052 literae
1519 2979 1716 3053 vindicatur
1740 2983 1830 3054 adeo
1857 3009 1940 3081 vaga
1965 3005 2031 3071 est,
2074 3005 2214 3058 utnon

348 3101 497 3202 amplius
523 3100 785 3174 immorandum
810 3101 864 3172 sit.
917 3101 1032 3174 Facile
1059 3101 1217 3172 enimin
1242 3102 1362 3198 quavis
1387 3102 1479 3174 linea
1508 3103 1640 3199 aliquid
1667 3104 1835 3203 reperies,
1862 3106 1899 3176 in
1923 3132 1996 3204 quo
2018 3133 2080 3178 cur
2093 3110 2214 3206 quaeri

346 3245 467 3326 possa.

254 3339 295 3420 R.
348 3347 431 3418 Plus
457 3370 563 3441 quarn
583 3343 720 3438 centies
745 3343 782 3414 in
808 3341 942 3417 codicis
967 3345 1120 3442 margine
1147 3343 1318 3443 scriptum
1344 3362 1412 3430 est,
1438 3344 1510 3414 fere
1536 3370 1676 3444 semper
1698 3345 1767 3417 hac
1792 3349 1905 3422 forma
1930 3351 1976 3449 (r)
1984 3381 1995 3442 ;
2021 3349 2083 3421 sed
2110 3352 2214 3422 etiam

349 3465 416 3540 h'ac
443 3469 506 3566 (R)
532 3466 774 3540 minutissima.
824 3468 869 3539 Iis
902 3468 990 3540 locis
1024 3467 1199 3538 adiectum
1229 3492 1301 3538 esse
1336 3466 1424 3553 vidi,
1464 3466 1508 3538 de
1535 3494 1689 3564 quorum
1713 3470 1769 3568 vel
1794 3471 1945 3543 lectione
1972 3471 2028 3543 vel
2052 3473 2212 3545 versione

345 3591 490 3663 librario
515 3615 590 3661 non
616 3591 811 3677 constabat,
838 3590 875 3660 in
901 3589 1026 3688 quibus
1052 3590 1158 3687 igitur
1182 3589 1292 3689 spatia
1317 3616 1424 3661 vacua
1450 3589 1683 3688 relinquebat,
1711 3597 1799 3689 quae
1826 3592 1971 3691 quidem
1995 3593 2139 3664 veritate
2160 3593 2213 3663 in-

342 3733 467 3800 venta,
493 3709 626 3811 repleta
648 3732 748 3799 sunt,
775 3733 809 3784 at
833 3738 917 3784 vero
940 3712 1109 3811 pleraque
1137 3739 1249 3809 usque
1273 3711 1316 3782 ad
1339 3732 1459 3784 nostra
1481 3733 1642 3812 tempora
1667 3713 1889 3786 duraverunt.

248 3843 283 3909 Z.
339 3841 434 3908 Haec
460 3835 560 3907 litera
586 3834 706 3906 formis
736 3834 953 3932 aliquantum
986 3832 1196 3907 variantibus
1220 3832 1258 3903 in
1280 3833 1361 3930 plus
1390 3839 1496 3930 quam
1524 3855 1667 3905 centum
1696 3835 1784 3906 locis
1808 3835 1944 3932 legitur.
1996 3841 2037 3904 lu
2063 3833 2213 3910 Nollert'

342 3957 585 4058 explanatione
611 3955 906 4053 acquiescendum
932 3953 1020 4025 mihi
1049 3977 1122 4023 esse
1147 3952 1295 4025 videtur.
1357 3955 1564 4026 Matthaeius
1587 3957 1630 4028 ad
1658 3957 1927 4029 Boemerianum
1948 3983 1992 4029 ne
2017 3958 2211 4056 suspicatus

349 4078 495 4175 quidem
520 4095 591 4162 est,
618 4079 707 4148 Zeta
731 4076 790 4148 illa
814 4077 937 4150 notula
961 4101 1068 4172 quam
1093 4073 1239 4144 miratur
1258 4077 1516 4175 repraesentari.

1140 4229 1173 4329 §.
1205 4226 1263 4319 94.

295 4371 390 4438 Haec
411 4366 457 4438 de
483 4364 615 4440 Latinis
637 4363 865 4465 simplicibus.
927 4370 1046 4436 Restat
1067 4382 1108 4435 ut
1130 4363 1175 4434 de
1198 4362 1308 4436 literis
1328 4369 1395 4451 PS,
1436 4392 1525 4464 quae
1547 4367 1746 4467 saepissime
1770 4369 1977 4440 coniunctae
2002 4392 2210 4457 occurrunt,

194 4491 301 4562 verba
328 4490 424 4562 liant
477 4495 571 4560 Haec
605 4488 684 4560 loca
713 4484 908 4560 observavi:
947 4512 1024 4587 pag.
1056 4486 1103 4578 24
1132 4485 1214 4586 (bis)
1243 4511 1321 4586 pag.
1354 4484 1418 4575 56,
1447 4490 1512 4576 75,
1542 4487 1631 4576 105,
1659 4489 1748 4576 212,
1777 4489 1866 4574 252,
1895 4490 1978 4571 267,
2007 4489 2092 4577 285,
2121 4492 2210 4583 504,
2305 4523 2312 4530 ·

197 4614 291 4699 506,
319 4609 401 4688 555.
453 4611 553 4684 Licet
574 4613 650 4689 W
643 4609 827 4684 allltcrus
817 4635 856 4680 ιιι
878 4579 992 4682 lexico
1015 4635 1081 4681 suo
1108 4589 1398 4708 diplomatico
1359 4637 1402 4710 ps
1427 4611 1625 4709 saepissime
1651 4611 1874 4710 explicuerit,
1901 4631 2019 4683 tamen
2039 4637 2213 4709 nusquam

193 4736 261 4820 ita,
297 4755 338 4806 ut
370 4735 460 4808 liber
479 4755 600 4808 noster
627 4734 796 4832 efflagitat.
867 4731 947 4803 Sine
976 4733 1047 4804 ulla
1080 4733 1174 4803 enirn
1206 4733 1429 4806 cunctatione
1458 4760 1623 4831 praesens
1644 4733 1715 4805 hoc
1744 4732 1997 4831 compendium
2023 4731 2212 4831 explanan-

195 4858 280 4930 dum
304 4877 366 4937 est,
424 4856 602 4928 Sexcentis
626 4858 721 4928 enim
743 4855 831 4928 locis
853 4854 892 4926 in
910 4853 1001 4926 libro
1021 4853 1233 4952 Sangallensi
1251 4854 1345 4926 linea
1366 4854 1485 4926 literae
1508 4855 1649 4927 cuidam
1679 4855 1920 4953 superaddita,
1962 4883 2021 4928 rae
2046 4855 2209 4928 ostendit.
2252 4927 2254 4933 ,

195 4980 313 5085 Quare
340 4999 459 5079 aperte
480 5004 585 5077 praes
610 4978 809 5080 legendum.
855 4975 969 5071 Quod
990 4976 1090 5048 nullo
1123 4975 1192 5048 alio
1211 4957 1322 5049 modo
1347 4976 1480 5076 expleri
1501 4996 1628 5077 potest.
1692 4977 1727 5050 si
1753 4997 1829 5064 tarn
1844 4976 2114 5050 uostricodicis
2132 4976 2212 5048 loca

196 5100 317 5187 citata,
354 5129 460 5199 quam
490 5103 715 5175 Boerneriani
740 5127 822 5201 pag.
846 5097 913 5187 55,
948 5101 1014 5186 88,
1041 5123 1128 5170 vers.
1158 5117 1195 5172 et
1214 5098 1281 5184 95,
1319 5099 1508 5186 evolveris,
1543 5099 1582 5171 in
1603 5101 1677 5172 sola
1703 5100 1846 5172 fortasse
1874 5098 1999 5199 pagina
2025 5095 2072 5168 56
2101 5096 2213 5170 nostri
