5240 6318
516 369 734 436 CODlCUllI
756 368 1108 436 SANGALLENSIS
1130 371 1191 435 ET
1213 371 1445 436 BOERNER.
1469 369 1682 436 COGNAT.
1723 371 1830 438 CAP.
1851 373 1912 434 tv.
2133 377 2220 442 m

200 552 273 624 Sed
303 553 338 622 in
363 550 576 650 marginibus
601 573 717 624 tamen
746 551 920 625 eiusmodi
943 551 1063 625 literae
1089 573 1299 639 occurrunt,
1332 551 1533 626 cuiusmodi
1557 554 1595 623 in
1623 553 1835 652 marginibus
1860 575 2055 626 contextus
2107 559 2221 630 hiem

202 676 344 750 numeri
380 675 511 748 similes
546 717 597 734 —
632 717 675 732 -·
704 675 743 774 ²¹³)
785 679 897 748 Habet
933 675 1085 774 aliquam
1118 675 1383 748 similitudinem
1417 703 1501 748 cum
1529 675 1695 776 psalterio
1731 673 1831 773 quod
1861 673 2158 778 Mnnlesulcons'us
2185 683 2222 750 in

201 799 474 899 palaeographia
500 819 600 871 notat
625 825 702 898 pag.
731 799 813 872 237.
840 800 1011 898 quodque
1036 801 1178 874 saeculo
1203 825 1302 873 nono
1328 799 1499 900 scriptum
1525 801 1706 873 existimat

1048 963 1053 970 ’
1142 984 1176 1085 §-
1215 981 1274 1053 52.

300 1117 458 1193 Scribam
482 1143 556 1201 mn
581 1118 686 1189 suisse
711 1122 905 1205 Graecum,
940 1119 1088 1217 quilibet
1119 1117 1246 1191 harum
1276 1145 1395 1191 rerum
1425 1120 1561 1219 peritus
1591 1118 1845 1191 animadvertit.
1871 1119 2007 1190 Literae
2030 1121 2223 1200 1.ὃ.η.θ.

202 1269 238 1325 μ.
258 1264 288 1306 ν.
308 1262 338 1304 σι
360 1266 386 1316 s·
406 1261 435 1305 ⁸·
454 1261 490 1312 et
515 1265 560 1313 ex
585 1241 784 1312 maiusculis
804 1243 843 1306 E.
862 1243 906 1308 Λ,
926 1242 976 1306 Μ.
997 1243 1040 1306 Ν.
1061 1243 1101 1306 Σ.
1124 1243 1166 1307 Ω.
1185 1269 1367 1340 nunquam
1390 1241 1457 1314 hac
1485 1244 1598 1316 forma
1623 1261 1832 1326 occurrunt,
1857 1241 1920 1314 sed
1945 1242 1993 1312 ita
2019 1264 2059 1314 ut
2084 1244 2121 1313 in
2143 1271 2222 1343 spe·

203 1367 391 1438 ciminibus
421 1389 584 1469 expressa
614 1385 705 1436 sunt.
758 1365 893 1436 Literae
920 1389 994 1436 non
1027 1365 1163 1462 aequali
1193 1366 1307 1466 spatio
1336 1366 1428 1437 inter
1455 1392 1491 1438 se
1524 1365 1675 1452 distant,
1713 1364 1775 1436 sed
1811 1367 1980 1438 vocabula
2011 1366 2222 1466 plerumque

203 1506 360 1591 separata
398 1509 499 1570 sunt,
538 1487 754 1588 interpositis
782 1488 983 1585 frequenter
1014 1487 1165 1586 punctis.
1217 1487 1285 1560 Sed
1311 1488 1437 1562 divisio
1462 1510 1498 1560 et
1525 1490 1731 1563 coniunctio
1758 1476 2014 1560 00031301οηιῶ
2038 1515 2143 1588 saepe
2169 1513 2223 1561 est

203 1614 339 1712 iuepu.
392 1616 566 1698 accentus
599 1631 634 1682 et
656 1609 800 1710 spiritus
823 1637 898 1684 non
929 1609 1052 1696 habet,
1076 1609 1138 1710 ii)
1187 1611 1247 1682 sed
1272 1611 1380 1684 lineas
1410 1638 1510 1684 arcus
1540 1631 1576 1684 et
1602 1633 1734 1712 puncta
1764 1613 1802 1681 in
1827 1611 2011 1710 superiore
2042 1613 2223 1684 literamm

201 1757 319 1836 parte,
347 1761 400 1798 -·
421 1787 468 1800 -
494 1735 578 1835 aaa)
612 1735 747 1807 Literae
773 1768 794 1809 a
819 1757 854 1807 et
879 1770 892 1812 ι
917 1762 1019 1836 saepe
1053 1735 1183 1806 habent
1216 1735 1289 1807 duo
1322 1756 1455 1834 puncta
1480 1734 1517 1805 in
1542 1735 1717 1835 superiori
1741 1753 1851 1836 parte.
1869 1731 1977 1832 We)
2026 1739 2068 1804 In
2083 1739 2222 1805 Graeco

201 1859 302 1933 facile
340 1859 620 1933 conlimduntur‘
638 1858 687 1922 ll·
718 1863 755 1958 †)
794 1886 877 1930 cum
911 1884 962 1942 μ.,
981 1883 1017 1942 μ.
1051 1883 1134 1929 cum
1170 1879 1214 1936 aa,
1251 1857 1335 1930 item
1366 1883 1400 1923 a·
1421 1859 1451 1925 ὃ.
1477 1879 1512 1930 et
1537 1860 1566 1924 L
1591 1857 1690 1930 facile
1723 1877 1977 1957 permutantur.
2030 1863 2071 1928 ln
2096 1859 2222 1930 Latino

202 1983 357 2061 oarurrit
384 1982 563 2063 interdum
587 1986 764 2053 Graecam
789 2014 809 2056 v
833 1983 916 2056 loco
943 2009 975 2082 y.
1003 1987 1063 2081 ††)
1135 1981 1249 2053 Facile
1282 1981 1548 2054 confunduntur
1573 2009 1600 2053 r.
1637 1987 1762 2082 v†††)
1804 2002 1901 2066 ets,
1936 1981 2021 2052 item
2052 2006 2087 2050 n.
2123 2001 2158 2050 et
2185 1980 2220 2050 b.
2290 2035 2294 2042 .

197 2107 317 2180 Litora
343 2113 389 2190 R,
416 2105 477 2178 sed
504 2104 634 2178 minori
667 2108 796 2191 sonna,
823 2127 875 2178 est
899 2105 1076 2178 interdum
1101 2131 1169 2204 pro
1196 2133 1222 2178 r.
1250 2155 1296 2171 -
1322 2107 1426 2203 ali-st)

1147 2285 1180 2384 a.
1221 2285 1278 2356 aa.

308 2425 472 2498 Totidem
498 2424 738 2508 Kusterus‚
765 2423 1093 2526 Hoffmannus‚
1120 2421 1394 2496 Matthaeius
1419 2421 1547 2518 aliique
1574 2423 1621 2492 ita
1646 2441 1686 2492 ut
1704 2417 1815 2492 modo
1831 2417 1934 2494 retuli
1951 2417 2223 2489 Boernerianum
2282 2419 2287 2432 '

203 2550 422 2632 describunt,
459 2550 646 2624 totidem
682 2547 824 2619 verbis
858 2547 999 2618 simul
1030 2557 1224 2618 nostrum
1258 2545 1604 2644 descripserunt.
1665 2543 1736 2614 Nisi
1769 2541 1876 2640 igitur
1910 2537 1948 2609 in
1984 2538 2093 2611 altero
2128 2538 2220 2610 libro

203 2672 381 2768 evangelia
399 2671 436 2740 in
454 2671 565 2744 altero
581 2670 750 2768 epistolae
767 2669 929 2738 Paulinae
947 2687 1120 2738 exstarent
1137 2689 1172 2738 et
1187 2667 1299 2738 nostri
1316 2668 1464 2738 ambitus
1482 2667 1588 2738 ferme
1607 2665 1738 2764 duplex
1755 2683 1858 2744 esset,
1884 2660 1959 2731 sola
1975 2659 2222 2760 descriptionis

200 2796 335 2866 ratione
361 2793 479 2865 habita
502 2790 601 2862 facile
633 2793 737 2862 ambo
761 2787 841 2860 libri
870 2787 1180 2862 confunderentur.

1147 2951 1180 3050 a.
1223 2949 1280 3041 54.

302 3097 370 3168 Sed
390 3095 496 3171 etiam
518 3095 556 3164 in
576 3092 695 3164 multis
721 3091 865 3189 singulis
889 3109 924 3162 et
950 3089 1182 3186 singularibus
1209 3087 1424 3159 conveniunt
1442 3085 1591 3158 mirabili
1614 3085 1759 3157 ratione.
1812 3089 1927 3155 Pauca
1950 3101 2101 3179 tangam,
2128 3081 2223 3151 simi-

201 3219 389 3290 litudinem
415 3218 610 3291 universam
638 3215 846 3315 scripturae,
881 3239 970 3311 quae
997 3239 1039 3285 ex
1066 3212 1328 3311 comparatione
1359 3209 1470 3282 nostri
1494 3236 1576 3281 cum
1601 3207 1851 3307 speciminibus
1878 3202 2100 3278 Boerneriani
2127 3201 2221 3300 apud

202 3343 433 3415 blattbaeium
457 3342 575 3443 primo
602 3344 729 3414 obtutu
754 3338 947 3436 detegitur,
973 3336 1148 3409 lectorum
1174 3336 1379 3434 diligentiae'
1400 3333 1612 3432 relinquens.

301 3467 440 3566 Singula
472 3467 532 3538 illa
564 3491 603 3534 ac
634 3465 706 3535 fere
740 3461 928 3560 singularia
960 3461 999 3530 in
1032 3459 1160 3556 quibus
1186 3459 1438 3532 Boernerianus
1473 3477 1508 3528 et
1531 3454 1759 3554 sangallensis
1792 3450 2008 3524 conveniunt
2032 3446 2075 3521 ad
2102 3445 2221 3545 plures

202 3592 325 3662 classes
352 3589 509 3662 revocari
533 3607 692 3685 possunt.

271 3951 301 4024 1)
325 3949 451 4011 Omissa
471 3941 767 4024 interpretationem
789 3932 948 4018 evangelii
969 3928 1143 4002 Matthaei,
1165 3931 1202 3990 de
1225 3947 1285 4008 qua
1309 3929 1405 3988 modo
1426 3925 1544 3988 dietum
1566 3937 1630 3999 est,
1652 3925 1750 4006 ipsam
1772 3923 1934 3987 exhibent.

247 4056 301 4132 aa)
322 4056 407 4118 Vide
428 4073 510 4136 quae
531 4055 570 4114 de
590 4049 682 4113 initio
703 4047 813 4110 Marci
834 4045 866 4108 in
887 4063 960 4125 cap.
983 4044 1022 4104 de
1042 4051 1175 4105 externa
1195 4036 1271 4103 libri
1292 4035 1375 4099 facie
1396 4048 1509 4122 agente
1530 4033 1749 4116 exposuimus.

232 4167 501 4249 11111)Η1003030
523 4163 621 4227 verba
642 4154 749 4232 omisi,
777 4155 891 4240 partim
913 4157 1001 4236 quod
1021 4151 1164 4235 exempla
1186 4171 1202 4212 a
1224 4145 1405 4214 Matthaeio
1426 4146 1520 4212 allata
1542 4167 1609 4212 mea
1630 4145 1740 4212 facere
1761 4165 1825 4210 oon
1839 4142 1949 4226 potui,
1972 4177 2005 4196 -
2029 4163 2163 4227 namque
2184 4143 2215 4206 in

321 4259 457 4328 Graecis
477 4256 739 4353 equidem-‘super
759 4252 831 4318 solo
852 4249 918 4318 iota
938 4249 1095 4312 interdurn
1125 4243 1272 4310 lineolam
1300 4241 1409 4326 reperi
1435 4275 1492 4318 -,
1520 4242 1636 4326 partim
1667 4241 1756 4321 quod
1786 4237 1885 4319 ipsius
1914 4240 2011 4301 verba
2041 4257 2105 4300 uon
2135 4240 2214 4300 bene

455 4376 478 4419 ι.

217 4473 299 4547 11111ἶί11’)
321 4358 537 4551 ibbiiiitera
558 4485 578 4526 v
597 4456 778 4542 saepissime
800 4455 946 4538 equidem
967 4452 999 4517 in
1022 4447 1222 4534 sangallensi
1250 4468 1345 4511 unum
1372 4465 1525 4529 nusquam
1555 4448 1619 4508 duo
1646 4452 1762 4524 puncta
1791 4436 1975 4503 observavi.
2019 4437 2095 4502 Duo
2119 4459 2212 4518 saepe

261 4679 298 4751 †)
319 4571 803 4750 libiuimiiitiddritubbnlusionis
817 4660 926 4724 adbuc
946 4659 977 4720 io
999 4670 1112 4735 nostro
1134 4654 1312 4734 exemplum
1335 4661 1478 4730 apertum
1495 4669 1559 4714 uon
1580 4646 1705 4730 reperi,
1727 4663 1917 4726 quamquam
1936 4641 2007 4706 loca
2024 4642 2212 4718 observavi,

320 4767 353 4832 in
374 4764 491 4847 quibus
512 4774 617 4827 utrum
638 4759 679 4823 λλ
699 4779 737 4822 an
757 4779 783 4840 μ
803 4754 970 4838 legendum
993 4750 1049 4826 sit,
1069 4750 1164 4813 facile
1185 4745 1301 4830 aliquis
1321 4745 1460 4807 haereat.

233 4885 297 4959 ἢ)
318 4883 355 4944 10
377 4888 490 4942 nostro
515 4871 665 4938 Latinum
686 4894 708 4951 y
728 4871 821 4952 plane
842 4885 906 4931 nou
928 4871 1042 4926 exstat.
1082 4860 1163 4922 Eius
1183 4859 1259 4922 loco
1282 4856 1332 4919 vel
1354 4853 1366 4915 i
1387 4851 1438 4916 vel
1457 4873 1478 4914 v
1498 4850 1529 4915 iu
1552 4870 1641 4914 usum
1663 4861 1812 4914 vocatur.

200 4997 290 5068 †††)
317 4993 366 5054 lta
386 4988 473 5070 lego.
517 4986 599 5047 Nam
621 4980 677 5046 vix
697 4975 877 5044 blattbaeio
899 4974 992 5036 iidem
1012 4968 1194 5045 habuerim,
1213 4969 1246 5033 iu
1267 4961 1488 5058 Boerneriano
1510 4959 1660 5025 Latinum
1682 4981 1702 5038 y
1723 4968 1862 5022 exstare.

198 5095 477 5179 ††††)Inprimis
497 5094 529 5160 in
549 5089 733 5175 posteriore
754 5085 831 5153 libri
850 5087 949 5169 Sang.
970 5093 1060 5165 parte
1079 5083 1143 5144 hoc
1164 5078 1288 5159 saepius
1307 5076 1403 5170 redit.
