5240 6318
409 430 479 494 XL
1236 430 1602 496 PROLEGOMENA

410 609 581 691 haerebis.
631 612 699 685 Sed
724 611 884 685 librarius
910 638 1035 712 parum
1062 611 1221 684 eruditus
1254 612 1372 710 deque
1398 616 1588 686 verborum
1618 610 1739 683 formis
1772 635 1900 710 parum
1934 632 2069 701 certus,
2104 636 2186 702 εχων
2204 611 2253 682 ita
2278 611 2427 710 propius

412 731 581 808 definivit.
632 742 712 835 Pag.
739 738 810 807 212
832 741 973 820 agal-dev
991 762 1155 836 praesens
1182 735 1323 820 habuit,
1348 755 1389 805 ut
1414 732 1489 806 aliis
1513 733 1602 806 locis
1623 744 1708 827 βαλε
1732 733 1879 830 aliaque.

1379 968 1386 983 .
1416 907 1482 983 95.

515 1053 567 1120 De
583 1051 730 1122 Graecis
757 1053 955 1150 marginum
977 1051 1086 1124 literis
1106 1050 1238 1149 agenti,
1274 911 1377 1121 duae§
1386 1005 1522 1120 tantum
1543 1053 1578 1118 Γ
1595 1066 1631 1119 et
1655 1056 1688 1121 Τ
1704 1044 1942 1144 respiciendae
1969 1067 2061 1118 sunt.
2111 1052 2198 1118 Nam
2226 1074 2316 1146 quae
2342 1048 2428 1120 aliae

369 1146 376 1156 ’
412 1169 450 1238 in
470 1171 684 1270 marginibus
710 1173 1028 1272 deprehenduntur
1045 1173 1166 1245 literae
1185 1177 1360 1259 Graecae,
1390 1197 1623 1243 numerorum
1642 1168 1726 1241 loco
1747 1184 1844 1252 sunt,
1876 1167 1933 1239 vel
1956 1168 2229 1266 quaternionum
2250 1169 2307 1242 vel
2333 1168 2429 1269 capi-

415 1293 572 1366 tulorum
596 1296 723 1367 seriem
750 1294 929 1372 docentes.

513 1645 554 1714 Γ.
592 1639 644 1707 De
663 1663 798 1734 gamma
820 1635 965 1732 quidem
981 1635 1054 1708 boc
1075 1634 1265 1708 observavi.
1315 1639 1435 1731 Usque
1463 1632 1507 1704 ad
1528 1633 1691 1732 paginam
1718 1634 1979 1732 nonagesimam
2005 1655 2165 1734 quartam
2183 1661 2228 1706 ne
2244 1635 2429 1734 vestigium

415 1755 560 1850 quidem
586 1756 691 1827 hnius
719 1756 850 1828 literae.
917 1757 1044 1854 Pagina
1069 1753 1117 1828 95
1147 1755 1303 1854 primum
1327 1755 1457 1852 legitur
1483 1777 1519 1828 et
1553 1757 1680 1828 deinde
1710 1784 1821 1854 usque
1849 1758 1893 1829 ad
1925 1759 2088 1860 paginam
2113 1758 2183 1833 190
2208 1757 2246 1828 ἱιι
2267 1757 2427 1858 pluribus

414 1903 521 1972 quam
546 1877 775 1975 quadraginta
802 1878 894 1949 soliis
910 1879 1016 1968 -in
1042 1880 1162 1951 multis
1189 1877 1390 1976 aliquoties,
1417 1898 1536 1949 exstat.
1585 1878 1721 1951 Deinde
1740 1904 1806 1979 per
1831 1881 2084 1979 quinquaginta
2106 1901 2258 1978 quatuor
2285 1879 2428 1980 paginas

413 1999 534 2086 semel,
575 2027 653 2098 pag.
679 2002 748 2071 221
783 2000 1028 2083 animadverti,
1070 2000 1107 2070 in
1137 2026 1211 2098 quo
1236 2019 1353 2070 tamen
1385 2001 1469 2072 loco
1500 1999 1649 2088 haereo,
1687 2022 1807 2073 utrum
1827 2030 1907 2076 vere
1927 2039 1949 2097 y
1968 2005 2028 2092 sit,
2068 2031 2192 2077 necne.
2242 2009 2273 2076 A
2301 2003 2428 2103 pagina

415 2121 569 2221 denique
600 2123 673 2214 244
700 2151 812 2221 usque
836 2125 880 2196 ad
900 2125 1008 2196 finem
1030 2123 1111 2194 libri
1129 2123 1239 2194 octies
1263 2126 1475 2196 observatur.
1526 2129 1638 2196 Nemo
1662 2122 1813 2224 poterit,
1852 2124 1939 2220 quin
1958 2125 2052 2198 hanc
2073 2126 2205 2198 scribae
2225 2125 2429 2198 inconstan-

415 2245 500 2316 tiam
524 2246 681 2318 miretur.
733 2245 985 2345 Quodcunque
1013 2246 1108 2316 enim
1125 2245 1190 2316 ista
1215 2246 1315 2316 litera
1339 2245 1570 2343 significetur,
1597 2267 1758 2346 apertum
1776 2246 1848 2318 hoc
1870 2247 1993 2320 saltem
2013 2265 2092 2336 est,
2108 2247 2263 2320 addendi
2287 2274 2428 2320 causam

417 2366 522 2437 etiam
546 2368 584 2436 in
608 2368 651 2437 iis
673 2367 761 2440 locis
784 2369 865 2440 libri
888 2369 1010 2455 fuisse,
1044 2369 1230 2464 inquibus
1259 2394 1333 2439 non
1359 2369 1593 2467 conspicitur,
1631 2396 1744 2467 quum
1764 2369 1802 2439 in
1819 2390 1942 2466 quarta
1966 2369 2047 2442 libri
2069 2371 2255 2443 minimum
2278 2368 2428 2468 quadra-

414 2487 487 2583 gies
508 2488 662 2585 legatur,
689 2489 776 2561 dum
802 2517 868 2590 per
889 2511 959 2562 tres
983 2491 1134 2588 reliquas
1154 2511 1271 2590 partes
1296 2492 1355 2562 vix
1380 2490 1496 2562 decies
1521 2511 1733 2590 compareat.
1783 2492 1887 2562 Plura
1912 2490 2044 2565 dehac
2066 2519 2103 2565 re
2131 2493 2201 2565 alio
2232 2490 2329 2564 loco.

513 2652 610 2744 Quid
636 2679 720 2725 vero
741 2663 776 2726 Γ
793 2653 984 2749 significat?
1033 2653 1270 2754 Montsaucon
1292 2655 1330 2724 in
1354 2651 1644 2756 palaeographiae
1667 2659 1821 2726 Graecae
1844 2655 1934 2726 libro
1957 2659 1998 2740 V,
2014 2679 2092 2753 pag.
2107 2655 2187 2725 370.
2206 2653 2275 2725 col.
2296 2655 2315 2721 1
2334 2652 2429 2724 linea

413 2774 610 2873 penultima
635 2777 781 2873 figuram
806 2796 945 2847 nostrae
972 2774 1184 2846 simillimam
1206 2775 1360 2857 exhibet,
1396 2803 1501 2873 quam
1521 2807 1749 2874 παραγραφος
1770 2775 1993 2861 denominat,
2031 2794 2067 2846 et
2096 2800 2175 2874 pag.
2196 2773 2268 2843 372
2294 2771 2432 2844 Isidori

413 2895 470 2966 his
499 2896 613 2968 verbis
638 2897 822 2967 describit:
860 2897 1127 2996 „paragraphus
1158 2898 1305 2995 ponitur
1336 2897 1378 2967 ad
1406 2898 1612 2995 separandas
1635 2925 1689 2967 res
1711 2926 1730 2966 a
1755 2902 1874 2978 rebus,
1913 2898 2058 2992 quaein
2081 2919 2246 2969 connexu
2278 2919 2429 2966 concur-

415 3039 516 3104 runt,
557 3019 859 3116 quemadmodum
881 3020 919 3089 in
937 3021 1096 3117 catalogo
1119 3020 1197 3092 loca
1220 3047 1239 3090 a
1261 3021 1349 3092 locis
1378 3039 1414 3090 et
1441 3019 1600 3118 regiones
1625 3046 1644 3089 a
1670 3019 1889 3116 regionibus,
1922 3016 1960 3087 in
1982 3041 2092 3112 agone
2119 3014 2274 3114 praemia
2291 3041 2311 3086 a
2326 3039 2428 3113 prae-

414 3142 511 3228 miis,
555 3143 744 3213 certamina
761 3170 780 3212 a
797 3141 940 3213 diversis
958 3143 1204 3214 certaminibus
1228 3157 1467 3242 separantur.“
1508 3147 1602 3212 Haec
1629 3141 1665 3211 in
1689 3161 1850 3212 nostrum
1869 3149 1905 3211 Γ
1920 3139 2024 3237 plane
2043 3137 2228 3235 quadrant.
2268 3141 2426 3234 Namque

414 3262 457 3332 ad
480 3263 653 3360 plurimos
673 3264 773 3336 locos
794 3266 858 3334 ista
880 3265 1073 3336 Isidoriana
1092 3265 1268 3364 applicare
1289 3286 1434 3336 conatus
1457 3290 1552 3346 sum,
1580 3285 1616 3335 et
1638 3262 1768 3362 reperi,
1798 3261 1841 3331 ad
1858 3286 1915 3331 eas
1929 3259 2153 3359 potissimum
2172 3259 2281 3331 lineas
2302 3266 2337 3331 Γ
2353 3285 2427 3330 essa

414 3383 608 3467 adiectum,
637 3387 675 3456 in
700 3387 826 3484 quibus
851 3408 934 3485 post
955 3388 1162 3458 sententiam
1181 3388 1386 3485 generaliter
1408 3412 1605 3485 expressam
1627 3385 1683 3456 vel
1710 3383 1864 3482 singulae
1889 3383 1964 3453 eius
1986 3402 2119 3482 partes,
2151 3382 2208 3454 vel
2232 3381 2428 3453 accuratior

412 3505 523 3606 ipsius
544 3506 755 3606 descriptio,
792 3509 940 3580 maxime
961 3510 1195 3608 praecedente
1218 3540 1292 3594 και,
1325 3509 1501 3607 exegetica
1529 3509 1735 3580 adnectitur.
1785 3508 1942 3577 Primum
1961 3505 2124 3576 lectionis
2148 3504 2352 3576 varietatem
2379 3503 2428 3575 ita

412 3628 600 3726 significari
617 3629 910 3712 existimaveram,
943 3633 1040 3729 quod
1055 3665 1096 3726 γρ
1111 3632 1148 3702 in
1168 3633 1242 3703 aliis
1264 3633 1441 3732 plerisque
1473 3631 1654 3703 codicibus
1672 3629 1721 3700 ita
1742 3627 1953 3726 marginibus
1975 3626 2172 3713 adduntur,
2202 3647 2242 3698 ut
2260 3656 2428 3721 yperprtcr

411 3753 469 3826 vel
487 3775 624 3848 γραψον
644 3752 850 3850 significent.
884 3755 934 3825 cf.
959 3755 1081 3828 Baslir'
1101 3777 1290 3827 comment.
1312 3754 1559 3853 palaeograph.
1579 3758 1726 3849 Gregor.
1748 3755 1828 3823 Cor.
1847 3749 2001 3821 additam
2019 3777 2096 3849 pag.
2111 3749 2194 3820 802.
2235 3750 2302 3822 Sed
2316 3777 2429 3848 quum

411 3874 509 3946 hunc
536 3877 573 3945 in
601 3877 707 3947 finem
737 3877 867 3947 librum
899 3899 1060 3949 nostrum
1091 3878 1340 3960 examinarem,
1377 3877 1414 3948 in
1448 3877 1610 3949 omnibus
1635 3877 1744 3949 ferme
1779 3873 1899 3960 lineis,
1943 3872 1986 3943 ad
2014 3899 2100 3969 quas
2120 3880 2155 3944 Γ
2172 3871 2332 3946 additum
2358 3894 2426 3960 est,

410 3999 545 4070 nullam
570 3999 732 4072 lectionis
760 4000 961 4072 varietatem
983 4002 1109 4073 detexi.

1351 4176 1384 4275 §-
1425 4176 1485 4249 97.

514 4323 546 4386 Τ
562 4322 672 4386 rarior
692 4309 884 4408 significare
902 4310 940 4381 in
959 4313 1083 4410 vulgus
1102 4331 1154 4383 est
1176 4332 1313 4384 notum.
1370 4316 1487 4405 Quare
1508 4311 1553 4382 de
1579 4310 1647 4383 hac
1669 4338 1706 4383 re
1727 4311 1803 4411 ipsa
1824 4339 1900 4387 non
1919 4317 2084 4390 dubitavi.
2130 4312 2198 4386 Sed
2215 4335 2291 4384 non
2309 4307 2426 4380 statim

410 4440 545 4540 reperi,
588 4464 695 4535 quem
718 4461 890 4508 canonem
917 4437 954 4506 in
978 4434 1146 4537 ponenda
1171 4434 1238 4506 hac
1258 4435 1358 4506 litera
1379 4433 1539 4506 librarius
1565 4453 1705 4505 secutus
1723 4434 1777 4506 sit.
1826 4441 1900 4508 lam
1920 4441 2018 4514 hunc
2037 4457 2171 4510 statuo:
2199 4432 2236 4504 Si
2252 4431 2291 4504 in
2309 4432 2425 4505 fronte

410 4562 534 4663 capitis
560 4562 617 4632 vel
639 4561 804 4633 sectionis
825 4559 1009 4659 inscriptio
1035 4562 1091 4631 vel
1115 4559 1234 4630 titulus
1261 4558 1401 4630 additus
1430 4577 1533 4646 esset,
1576 4558 1620 4630 ad
1647 4583 1724 4629 eam
1757 4558 1887 4632 lineam
1919 4572 1952 4635 Τ
1977 4558 2152 4661 adpinxit,
2193 4554 2233 4627 in
2262 4581 2332 4655 qua
2356 4580 2426 4630 vox
2473 4635 2482 4650 ,

410 4710 450 4756 ea
475 4705 691 4769 occurreret,
726 4711 815 4782 quae
846 4683 939 4756 tituli
965 4682 1173 4755 sententiam
1191 4681 1343 4754 maxime
1361 4683 1523 4754 efficeret.
1571 4681 1626 4753 Ad
1649 4681 1746 4756 hunc
1769 4709 1941 4756 canonem
1959 4708 2083 4760 omnes
2099 4677 2181 4754 libri
2196 4677 2309 4752 nostri
2325 4677 2425 4750 locos

409 4803 617 4884 examinavi,
654 4826 689 4876 et
715 4831 839 4876 verum
866 4835 938 4879 esse
961 4808 1049 4880 milri
1070 4806 1236 4909 persuasi.

506 4974 691 5041 Caeterum
725 4975 757 5040 T
783 4969 893 5042 octies
919 4969 957 5042 in
982 4973 1176 5061 Matthae05
1216 4969 1351 5070 paginis
1382 4969 1505 5068 siginti
1533 4971 1667 5044 duabus
1703 4969 1755 5066 (m
1784 4967 1904 5042 multis
1935 4965 2071 5068 paginis
2100 4985 2224 5066 quater
2251 4961 2308 5036 vel
2333 4959 2423 5039 adeo

410 5092 612 5194 quinquies)
639 5094 676 5166 in
696 5103 817 5168 Marco
824 5125 835 5186 ;
871 5094 1057 5192 quinquies
1083 5096 1120 5166 in
1144 5099 1240 5168 Luca
1263 5112 1299 5167 et
1319 5101 1450 5168 Ioanne
1472 5093 1573 5168 redit.
