5240 6318
404 442 565 510 XXVIII
715 493 718 501 .
1233 441 1598 509 PIIOIAEGOMENA

405 623 525 697 solum
548 626 682 694 Lucam
706 621 839 696 haberi.
865 623 916 694 Cf.
943 620 1025 696 cod.
1050 621 1164 694 nostri
1188 631 1267 721 pag.
1297 621 1353 714 14.
1380 663 1431 682 -
1455 622 1774 725 Reliqua'paginae
1799 618 1900 698 facile
1926 620 2115 722 explicabis
2140 620 2265 696 cadem
2291 621 2427 708 maone

403 771 517 844 nsque
543 744 588 817 ad
613 745 744 818 lineam
767 745 1001 846 penultimm
1025 744 1070 816 ad
1096 742 1196 818 onius
1221 744 1413 842 marginem
1438 757 1572 818 uncum'
1592 745 1735 846 reperis.
1800 744 1994 842 Significat,
2029 743 2075 815 ad
2100 743 2256 820 eundem
2269 761 2428 844 'evange-

402 869 519 940 listam
541 867 596 942 bis
622 867 846 940 redeundum
870 893 955 940 esse.
1005 866 1115 966 Quod
1141 888 1260 940 autem
1282 866 1321 940 in
1344 864 1465 940 infima
1489 868 1635 968 paginae
1660 867 1841 966 marginali
1865 867 1959 940 linea
1982 865 2100 954 vides,
2131 886 2186 940 est
2208 872 2226 940 I
2250 865 2288 938 in
2313 871 2346 938 0
2370 865 2426 942 in*

402 1011 535 1062 sertum
560 1011 596 1063 et
620 990 762 1064 Ioannis
786 990 1007 1087 evangelium
1030 987 1167 1092 prodit,
1196 989 1296 1062 cuius
1321 990 1431 1064 sectio
1456 995 1603 1063 CXXVI
1627 989 1792 1090 parallela
1817 989 1954 1065 citatur.

1351 1129 1384 1229 ς.
1425 1128 1485 1204 aa.

501 1273 559 1338 IV.
610 1267 714 1340 Haec
746 1265 871 1339 classis
899 1293 1019 1338 omnes
1050 1292 1141 1364 quas
1175 1267 1334 1340 nondum
1367 1269 1540 1363 angimus
1572 1281 1676 1342 nolas
1700 1267 1914 1364 marginales
1938 1268 2194 1366 complectitur,
2232 1268 2329 1339 etin
2354 1287 2425 1340 tres

401 1388 538 1488 speeies
563 1388 683 1460 dirimi
705 1407 836 1489 potest.
886 1387 1005 1460 Primo
1038 1388 1122 1462 loco
1157 1414 1213 1459 eas
1245 1414 1435 1489 ponamus,
1473 1416 1563 1489 quae
1596 1391 1653 1470 rel
1685 1391 1768 1464 totis
1803 1390 2007 1462 nominibus
2039 1390 2096 1462 vel
2128 1389 2252 1462 saltem
2284 1386 2424 1488 syllabis

401 1510 592 1582 initialibus
618 1509 769 1610 exprimi
795 1531 1070 1597 consueverunt,
1104 1511 1188 1582 licet
1220 1510 1402 1583 interdum
1427 1511 1532 1584 etiam
1565 1513 1661 1585 nuda
1689 1513 1789 1585 litera
1821 1512 1962 1584 initialis
1997 1539 2118 1584 earnm
2142 1512 2226 1585 loco
2250 1531 2423 1610 ponatur5

402 1631 514 1706 altero
539 1632 623 1705 loco
649 1657 709 1704 eae
735 1631 821 1720 sint,
861 1658 950 1729 quae
975 1631 1109 1732 ubique
1134 1633 1277 1730 siugulis
1302 1654 1440 1706 tantum
1469 1634 1579 1707 literis
1605 1635 1871 1735 exprimuntur3
1906 1635 2011 1708 tertio
2038 1633 2192 1732 denique
2217 1659 2298 1716 eae,
2332 1657 2422 1730 quae

401 1753 581 1827 literarum
607 1752 771 1826 ductibus
796 1753 863 1826 sibi
889 1753 1041 1828 invicem
1066 1753 1207 1828 insertis
1231 1756 1288 1829 vel
1313 1757 1461 1832 omnino
1486 1756 1592 1855 signis
1615 1785 1636 1829 a
1659 1757 1840 1830 literarum
1865 1758 1979 1832 forma
2003 1755 2130 1830 alienis
2149 1776 2322 1828 constant.

1352 1897 1389 1987 ς.
1417 1898 1476 1970 70.

495 2037 537 2102 A.
589 2029 709 2108 Nolae
721 2030 934 2125 marginales
948 2057 1038 2130 quae
1051 2031 1112 2104 uel
1124 2035 1206 2104 totis
1221 2035 1422 2106 nominibus
1437 2033 1498 2106 uel
1505 2033 1632 2106 sallem
1641 2033 1790 2139 syllabis
1801 2033 1997 2106 initialibus
2005 2035 2421 2133 erprinticunsueverunl.

400 2159 699 2231 ΓΟΤΙΣΚΑΛΚ.
740 2158 839 2224 Hanc
864 2178 991 2224 vocem
1014 2150 1052 2222 in
1078 2173 1156 2224 toto
1181 2176 1305 2228 nostro
1329 2156 1421 2229 libro
1444 2157 1499 2230 bis
1524 2176 1660 2228 tantum
1684 2183 1762 2255 pag.
1790 2156 1861 2226 263
1880 2174 1916 2227 et
1932 2156 2002 2227 367
2030 2154 2270 2226 animadverti.
2321 2159 2421 2226 Loco

496 2275 662 2375 proxime
685 2275 792 2348 citato
816 2281 1126 2350 ΓΟᾰιίιΣΚΑΛΚ.
1159 2277 1334 2350 scribitur.
1384 2284 1427 2350 In
1452 2277 1687 2352 Boemeriano
1713 2276 1838 2350 codice
1864 2278 1924 2350 sol
1951 2284 1976 2367 4
2001 2301 2122 2363 verso,
2147 2276 2209 2349 lin.
2228 2276 2266 2363 8,
2292 2276 2353 2349 sol.
2373 2276 2421 2346 22

501 2423 623 2470 verso.
650 2399 713 2472 fol.
741 2402 809 2488 87,
835 2403 896 2475 lol.
923 2405 972 2474 88
995 2427 1119 2488 verso,
1143 2399 1205 2474 fol.
1232 2401 1282 2476 90
1307 2425 1430 2486 verso,
1456 2400 1517 2472 sol.
1542 2400 1591 2474 95
1618 2421 1745 2486 emeat,
1769 2398 1832 2472 sed
1857 2397 1967 2470 literis
1991 2398 2041 2472 ita
2065 2399 2226 2484 mutatis,
2251 2418 2293 2471 ut
2308 2397 2421 2472 modo

496 2532 840 2616 I'ODDISCAICOE,
870 2525 981 2598 modo
1004 2529 1233 2618 POAATZ'K,
1265 2521 1379 2595 modo
1404 2525 1557 2621 (contra)
1583 2533 1960 2604 GOAAIZKAAKON
1981 2541 2017 2594 et
2040 2520 2117 2592 aliis
2141 2520 2286 2593 minutis
2309 2521 2422 2592 varia·

499 2641 656 2716 tionibus
681 2645 861 2718 scribatur.
913 2653 967 2719 Eo
1000 2649 1086 2720 loco
1117 2673 1191 2745 quo
1224 2645 1297 2718 hoc
1328 2670 1460 2717 nomen
1490 2644 1648 2745 primum
1678 2643 1823 2740 legitur,
1862 2644 1952 2716 haec
1975 2641 2186 2716 Matthaeius
2221 2641 2418 2715 adnotavit:

498 2778 672 2850 „notatur
694 2795 821 2839 numen
843 2771 1044 2867 propitiam,
1069 2770 1169 2868 quod
1193 2767 1367 2842 Germani
1389 2767 1510 2838 dicun!
1537 2765 1821 2840 Goltsclrallr.
1878 2765 1951 2840 Sed
1973 2765 2017 2838 dc
2040 2791 2110 2864 quo
2134 2763 2240 2836 latuits
2266 2767 2418 2836 nominis

496 2882 638 2958 humine
659 2886 717 2960 hic
740 2917 853 2962 sermo
877 2893 942 2978 sit,
967 2891 1126 2986 ignoro.“
1175 2887 1277 2961 Haud
1303 2887 1409 2959 dubie
1434 2913 1576 2958 mecum
1592 2888 1781 2972 mirabere,
1807 2886 1907 2984 quod
1924 2886 2108 2960 hominem
2124 2887 2187 2983 qui·
2202 2912 2420 2986 perannum

496 3009 679 3082 saeculum
704 3009 873 3086 ecclesiae
898 3011 1262 3084 Germano-Gallicae
1287 3030 1398 3090 tantas
1430 3011 1548 3082 turbas
1580 3007 1785 3091 concitavit,
1822 3033 1859 3082 se
1888 3007 2050 3106 ignorare
2075 3005 2285 3080 Matthaeius
2318 3007 2416 3080 dicit.

493 3135 652 3229 Namque
679 3157 803 3205 omnes
828 3133 964 3205 codicis
990 3134 1215 3208 Boemeriani
1239 3133 1328 3219 loci,
1356 3132 1484 3232 quibus
1507 3131 1581 3207 hoc
1604 3157 1738 3204 nomen
1764 3130 1947 3216 adhaeret,
1973 3127 2155 3202 doctrinae
2180 3128 2419 3200 Pmedestina-

496 3248 609 3323 tianae
636 3251 690 3324 vel
715 3253 815 3325 sedes
841 3277 941 3342 sunt,
979 3258 1037 3330 rel
1070 3255 1337 3358 propugnacula
1369 3254 1533 3327 adversus
1566 3281 1654 3326 eam.
1711 3258 1835 3348 Itaque
1868 3250 1938 3322 iam
1963 3267 2113 3349 propter
2137 3269 2284 3332 arctam,
2326 3277 2417 3348 quae

495 3371 589 3444 inter
620 3395 783 3448 nostrum
817 3399 852 3450 et
883 3380 1156 3454 Boernerianum
1188 3377 1377 3454 intercedit
1409 3376 1657 3474 cognationem
1687 3373 1881 3470 colligitur,
1917 3372 1956 3442 in
1987 3391 2110 3444 nostro
2142 3370 2235 3442 libro
2261 3371 2417 3448 eundern

493 3494 691 3593 significari.
741 3498 808 3570 Sed
835 3521 871 3574 et
895 3502 924 3574 is
948 3504 1066 3586 Iocus,
1091 3506 1151 3577 cui
1175 3529 1309 3578 nomen
1331 3501 1371 3576 iu
1394 3519 1519 3572 nostro
1545 3496 1711 3592 additum
1731 3515 1803 3581 est,
1828 3492 2233 3578 Praedestinatianorum
2254 3521 2317 3566 arx
2344 3515 2419 3578 est:¹

494 3635 615 3702 πολλοι
635 3635 833 3718 §annaneane
852 3637 1020 3704 considam
1038 3661 1097 3708 και
1118 3660 1178 3706 ουκ
1197 3658 1401 3726 tomorum.
1445 3622 1563 3712 Quare
1588 3643 1664 3691 ¹¹011
1689 3616 1908 3703 (inhiamus,
1934 3615 2079 3718 reliquls
2104 3617 2167 3716 qui
2183 3615 2255 3690 hoc
2271 3617 2417 3692 nomine

491 3737 725 3814 innotuerunt
749 3741 939 3840 neglectis,
966 3741 1009 3814 ad
1036 3741 1164 3817 Orbani
1189 3741 1423 3823 monachum,
1449 3741 1581 3839 Augias
1607 3739 1724 3813 divitis
1748 3739 1931 3816 alumnum
1955 3738 2028 3812 hoc
2052 3738 2192 3834 referre.

395 3979 701 4078 annapag.
729 3974 793 4064 aa,
821 3976 911 4070 aaa,
940 3973 1031 4064 295,
1057 3977 1161 4052 aar.¹
1345 3878 1379 3981 l
1407 3881 1466 3954 ⁷¹⁰

393 4097 487 4178 Ar]
511 4122 589 4198 pag.
617 4097 685 4184 35,
712 4100 776 4184 ss,
803 4081 982 4192 50,'104.

586 4221 673 4293 item
697 4221 735 4292 in
760 4221 997 4294 Boerneriano
1024 4221 1180 4294 occurrit
1206 4242 1242 4294 et
1266 4221 1414 4322 quidem

393 4347 602 4418 ΔΓΆΝΟΝ
624 4343 686 4419 sol.
715 4344 762 4416 22
789 4365 874 4418 rect.
900 4344 961 4430 56,
989 4341 1035 4416 55
1062 4370 1151 4417 vers.
1179 4345 1552 4441 (contra)APANON
1561 4340 1622 4418 Iol.
1638 4341 1697 4438 54,
1722 4343 1782 4434 64,
1807 4337 1856 4415 65
1876 4367 1989 4425 verso,
2014 4342 2074 4428 70,
2100 4342 2160 4428 81,
2185 4339 2235 4414 90
2252 4339 2414 4415 versili

390 4447 493 4540 AY]
516 4470 579 4544 fol.
606 4469 655 4541 26
679 4493 802 4556 verso,
831 4463 901 4554 65,
927 4467 995 4554 93,
1021 4467 1071 4540 96
1095 4494 1209 4554 verso,
1235 4466 1284 4542 98

388 4577 447 4660 Io'
472 4595 533 4667 tol
559 4595 608 4686 45
635 4617 757 4678 verso,
783 4589 833 4664 58
858 4610 895 4664 et
918 4592 1063 4664 fortasse
1090 4589 1195 4662 etiam

386 4701 474 4784 aab
502 4714 563 4788 sol
589 4709 649 4786 65.

389 4823 495 4908 AW
525 4835 586 4910 lol.
614 4833 663 4908 59
688 4861 802 4909 verso.

547 5059 715 5226 §dearil-
726 5061 833 5222 lnbeth,
863 5056 923 5122 lib.
951 5055 1009 5122 cit.
1036 5055 1099 5124 iol.
1121 5057 1194 5123 lii.
1221 5060 1253 5133 §.
1275 5059 1324 5126 ta.
1345 5059 1385 5126 de
1404 5061 1593 5138 marim,
1622 5075 1664 5120 ex
1685 5073 1752 5139 quo
1769 5030 1946 5136 germania
1965 5053 2052 5120 lacta
2073 5063 2137 5130 est,
2172 5074 2240 5119 vox
2260 5051 2410 5120 iuridloa.

577 5159 604 5224 f.
710 5175 789 5220 rom
832 5173 898 5220 Λ.
