5240 6318
403 447 511 510 XXX
1233 425 1600 502 P'noLEGoMstta

602 624 767 716 Quatuor
790 617 928 720 priora,
955 644 1046 718 quae
1070 615 1132 690 hic
1156 615 1359 718 posuimus,
1384 615 1562 688 scribendi
1586 615 1802 716 compendia
1826 615 1864 688 in
1889 612 1931 688 iis
1957 615 2125 690 codicum
2140 615 2366 690 Euemeriam
2391 636 2426 688 et

503 745 732 844 sangallensis
756 743 845 816 locis
871 733 1008 828 addita,
1050 740 1088 812 in
1123 739 1250 838 quibus
1274 742 1380 812 verba
1413 738 1578 810 hebraica
1603 759 1813 826 occurrunt,
1853 737 1908 810 bis
1934 737 2069 812 adiecta
2092 738 2254 814 versione
2278 741 2424 812 Graeca.

502 870 676 964 Quintum
701 867 790 940 illud
818 882 1272 961 contextusargnmentum
1297 861 1442 934 indicat

1342 1000 1376 1100 §-
1414 1003 1474 1092 74.

404 1156 636 1225 ENNOIAN.
688 1144 804 1218 Semel
836 1163 973 1216 tantum
1004 1141 1042 1212 in
1074 1140 1287 1240 sangallensi
1310 1138 1395 1212 vidi.
1457 1137 1645 1211 Adiectum
1671 1156 1723 1209 est
1748 1136 1781 1209 ei
1804 1137 1889 1211 loco
1915 1165 1989 1236 quo
2013 1137 2210 1210 Matthaeus
2235 1161 2425 1210 munerat

504 1269 612 1368 magis
638 1267 779 1341 Christo
806 1266 922 1339 oblata
948 1263 1063 1336 refert.
1112 1269 1191 1362 Pag.
1219 1263 1276 1353 24.
1302 1265 1395 1334 Tota
1419 1261 1607 1358 antiquitas
1631 1260 1669 1332 in
1694 1260 1844 1334 quenci
1863 1262 1928 1335 illo
1953 1261 2179 1335 concinebat:

636 1389 753 1472 Thus,
780 1415 923 1476 aurum,
948 1386 1128 1487 myrrham
1154 1385 1296 1485 regique
1322 1384 1532 1483 hominique
1558 1385 1699 1482 deoque

639 1519 739 1588 Dona
762 1515 888 1585 ferunt.
912 1557 962 1572 -
980 1512 1031 1582 Cf.
1050 1510 1189 1583 Hilarii
1202 1537 1343 1582 carmen
1355 1509 1446 1581 libro
1464 1529 1587 1582 nostro
1604 1507 1799 1608 praefixum
1816 1535 1849 1580 v.
1867 1507 1927 1580 22.
1950 1514 2042 1608 ‘Ipse
2062 1507 2208 1584 Grolrirs
2223 1507 2427 1596 ἇλληγορίαν

503 1637 609 1712 huius
634 1635 705 1711 loci
730 1661 806 1707 non
828 1635 934 1734 plane
961 1633 1105 1735 respuit.

404 1761 498 1838 add).
515 1767 550 1862 ᾇ.
600 1762 716 1833 Etiam
740 1759 829 1830 haec
854 1785 924 1830 vox
949 1757 1145 1829 abbreviata
1170 1757 1281 1829 semel
1306 1775 1444 1828 tantum
1470 1751 1565 1853 apud
1590 1775 1754 1826 nostrum
1778 1781 1857 1855 pag.
1884 1755 1934 1828 79
1967 1775 2086 1827 exstat.
2148 1754 2244 1848 Quid
2270 1755 2363 1828 ndei!
2381 1753 2427 1825 sit

500 1913 575 1959 non
600 1903 718 1986 potest
743 1881 910 1972 dubitati3
936 1881 979 1951 ad
1005 1905 1083 1979 pag.
1101 1880 1168 1966 78,
1194 1878 1255 1950 lin.
1276 1878 1322 1949 20
1347 1879 1496 1952 relatum
1520 1906 1697 1952 sauaroxas
1723 1877 2014 1980 (adolescentem)
2031 1897 2177 1977 spectat.
2228 1877 2424 1970 Quomodo

499 2016 527 2109 q
571 2007 759 2108 explicem,
802 2006 944 2077 haereo.
1008 2003 1170 2075 Coniicio
1202 2001 1353 2102 quidam
1384 2002 1573 2100 legendum
1599 2031 1689 2092 esse,
1732 2023 1772 2076 ut
1795 2022 2042 2103 argumentum
2067 2021 2252 2076 contextus
2277 1999 2424 2074 vocibus

502 2129 705 2204 adolescens
730 2128 879 2229 quidam
904 2125 1130 2226 significetur.

404 2255 475 2328 aiis
511 2259 590 2325 lloc
614 2253 667 2325 bis
695 2251 767 2344 224
793 2272 828 2323 et
854 2251 926 2322 562
952 2249 1078 2350 reperi.
1131 2249 1348 2323 Aduerbium
1373 2247 1526 2349 explico.

1347 2385 1381 2486 §.
1418 2385 1478 2462 75.
1594 2423 1597 2428 ¹

405 2518 488 2590 M
518 2543 597 2618 pag.
626 2517 716 2602 255,
746 2515 837 2604 265,
864 2514 958 2599 582,
983 2513 1055 2583 588
1080 2511 1118 2584 in
1142 2511 1304 2585 Boerner.
1332 2510 1392 2582 sol.
1420 2513 1444 2581 8
1472 2537 1503 2584 v.
1530 2513 1591 2584 fol.
1618 2509 1666 2584 85
1692 2541 1726 2585 v.
1753 2512 1847 2614 (bis).

403 2647 506 2726 ΛῩῈ
539 2667 618 2741 pag.
646 2641 729 2709 515.

604 2766 725 2854 Quum
751 2780 824 2831 tant
849 2759 888 2830 in
911 2759 1023 2832 nostri
1049 2785 1155 2855 quam
1179 2757 1453 2828 inBoerneriani
1478 2757 1633 2854 margine
1659 2759 1860 2857 saepissime
1885 2756 2006 2830 literae
2022 2761 2177 2830 Graecae
2194 2777 2230 2829 et
2247 2763 2425 2830 Romanae

503 2883 784 2968 confundantur,
810 2907 885 2953 non
912 2880 1056 2968 dubito,
1083 2881 1167 2978 quin
1195 2869 1290 2948 ΔῩΒ
1312 2881 1408 2952 idem
1433 2879 1623 2978 significet,
1650 2882 1749 2980 quod
1777 2881 1868 2953 dau·
1928 2885 2047 2952 Unum
2074 2901 2208 2952 tantum
2227 2879 2300 2953 hoc
2319 2879 2428 2952 inter·

504 3034 578 3081 esse
603 3007 759 3088 videtur,
802 3003 900 3103 quod
928 3004 1040 3075 scriba
1065 3003 1174 3075 literis
1200 3003 1389 3075 maioribus
1415 3029 1581 3100 magnum
1606 3003 1752 3102 aliquod
1777 3003 2034 3102 significaturus
2060 3024 2143 3075 erat.
2195 3009 2236 3074 In
2262 3003 2426 3082 omnibus

500 3129 609 3216 locis,
637 3154 726 3226 quae
752 3128 916 3202 adnotata
941 3146 1040 3214 sunt,
1066 3127 1122 3199 vel
1147 3125 1269 3197 Latina
1294 3125 1408 3199 versio
1435 3153 1519 3197 cum
1543 3130 1682 3199 Graeco
1707 3148 1856 3227 pugnat,
1882 3125 1938 3200 vel
1963 3126 2111 3224 intelligi
2136 3127 2258 3198 saltem
2282 3125 2426 3225 nequit,
2522 3104 2526 3110 .

503 3273 618 3324 utram
643 3251 834 3324 lectionem
849 3255 1020 3320 Graecam
1036 3248 1180 3320 Latinus
1205 3248 1377 3349 interpres
1402 3250 1583 3350 amplexus
1609 3250 1723 3323 fiteria.
1775 3254 1893 3345 Quare
1919 3248 2186 3321 haesitationem
2210 3248 2255 3319 de
2281 3229 2425 3321 veritate

502 3373 666 3448 lectionis
690 3373 738 3444 ita
764 3371 913 3472 exprimi
939 3371 1112 3444 existimo:
1162 3371 1314 3444 Maiores
1338 3373 1459 3446 literae
1484 3373 1522 3443 in
1547 3375 1617 3446 fine
1636 3379 1752 3446 Lucae
1774 3374 1910 3474 positae
1934 3369 2126 3446 ostendunt
2148 3369 2425 3468 magnitudinem

502 3495 748 3582 dubitationis,
776 3523 887 3593 quum
912 3495 960 3567 ibi
985 3496 1030 3567 de
1056 3495 1199 3568 veritate
1226 3521 1388 3568 ascensus
1414 3495 1543 3568 Christi
1569 3497 1605 3567 in
1632 3498 1774 3570 coelum
1800 3517 1904 3569 testes
1929 3523 2003 3570 non
2027 3493 2259 3568 consentiant.

403 3637 589 3706 aslirrscos.
640 3639 740 3706 Hanc
773 3659 899 3707 vocem
931 3634 1040 3706 semel
1074 3633 1191 3734 reperi
1220 3633 1257 3704 in
1289 3659 1367 3735 pag.
1400 3635 1482 3706 300.
1541 3636 1596 3707 td
1624 3655 1777 3735 quatuor
1804 3635 1913 3707 lineas
1938 3633 2071 3708 ibidem
2108 3635 2160 3742 .)“(
2189 3631 2349 3706 additum
2362 3654 2423 3706 est.

506 3781 735 3882 Notissimum
761 3781 915 3880 signum,
954 3806 1028 3882 quo
1052 3783 1189 3880 primus
1214 3782 1383 3880 Origenes
1407 3782 1450 3853 ad
1477 3781 1702 3880 significanda
1728 3807 1768 3854 ea
1792 3786 1894 3856 Lxx
1917 3782 1998 3855 loca
2022 3808 2106 3854 usus
2132 3802 2203 3869 est,
2237 3809 2347 3883 quae,
2387 3782 2425 3854 in

504 3927 603 3978 textu
627 3906 773 4004 quidem
798 3903 933 4004 vulgari
956 3931 1030 3977 non
1057 3926 1207 4005 reperta,
1233 3905 1436 4006 recipienda
1460 3904 1675 3979 viderentur.

1339 4029 1377 4120 ὃ.
1413 4027 1473 4101 76.

399 4151 524 4226 Raetii.
590 4155 721 4234 Nemo,
760 4150 906 4248 opinor,
945 4150 1118 4222 dubitabit
1152 4151 1197 4220 de
1231 4177 1275 4222 eo
1310 4151 1372 4248 qui
1404 4151 1465 4222 hic
1496 4151 1745 4250 intelligendus
1777 4151 1823 4224 sit
1854 4152 1990 4226 Boetia.
2041 4158 2199 4251 Namque
2224 4181 2290 4256 per
2315 4173 2425 4226 totam

497 4273 652 4346 mediam
676 4291 825 4343 aetatem
849 4271 887 4342 in
913 4272 1075 4343 omnium
1100 4272 1208 4343 ferme
1236 4274 1457 4348 eruditorum
1483 4276 1644 4348 manibus
1668 4277 1870 4348 versabatur
1886 4275 1932 4360 is,
1959 4301 2066 4376 quem
2081 4275 2328 4348 Theodoricus
2345 4302 2424 4361 rex,

500 4423 612 4494 quum
638 4393 754 4468 adhuc
788 4393 862 4465 eius
894 4393 1046 4466 amicitia
1079 4415 1254 4482 uteretur,
1292 4396 1340 4468 ita
1373 4397 1546 4470 allocutus
1580 4417 1648 4468 est:
1686 4397 1768 4484 „sic
1791 4398 2061 4472 Atheniensium
2085 4397 2224 4470 scholas
2248 4397 2420 4485 introisti,

497 4517 548 4590 sic
572 4517 764 4617 palliorum
790 4515 909 4590 choris
931 4517 1101 4590 miscuisti
1125 4538 1262 4616 togam,
1289 4541 1329 4594 ut
1343 4525 1563 4594 Graecorum
1582 4519 1745 4618 dogmata
1762 4521 1961 4596 doctrinam
1987 4519 2110 4594 seceris
2127 4543 2201 4593 esse
2217 4525 2423 4598 Romanam.

494 4639 657 4713 Didicisti
683 4641 792 4722 enim,
832 4667 901 4740 qua
925 4640 1166 4740 profunditate
1194 4669 1276 4716 cum
1301 4643 1372 4716 suis
1403 4643 1561 4745 partibus
1584 4643 1799 4744 speculativa
1823 4643 2013 4744 cogitetur,
2054 4671 2124 4742 qua
2148 4642 2285 4717 ratione
2310 4643 2422 4716 activa

497 4789 579 4834 cum
605 4787 666 4833 sua
693 4761 865 4836 divisione
892 4764 1061 4853 discatur,
1099 4765 1279 4839 deducens
1304 4765 1348 4838 ad
1374 4767 1568 4841 Romuleos
1600 4791 1795 4852 senatores,
1830 4766 2002 4866 quicquid
2033 4767 2251 4868 Cecropidae
2284 4763 2422 4842 mundo

495 4887 649 4958 fecerant
661 4885 844 4984 singulare.
887 4887 1186 4964 Translationibns
1206 4889 1301 4962 enim
1320 4890 1389 4963 tuis
1407 4890 1619 4992 Pythagoras
1636 4891 1800 4980 musicus,
1819 4892 2040 4964 Ptolemaeus
2060 4911 2282 4965 astronomus
2299 4890 2422 4988 legun·

494 5029 552 5082 tur
571 5007 659 5080 Itali.
711 4999 946 5086 Nicomach'us
966 5011 1230 5104 arithmeticus,
1256 5015 1491 5114 geometricus
1514 5017 1679 5092 Euclides
1701 5015 2068 5102 audiuntur'busonii.
2103 5014 2203 5090 Plato
2221 5013 2419 5112 theologus,

495 5131 700 5208 Aristoteles
720 5133 855 5235 logicus
873 5135 1047 5234 Quirinali
1071 5165 1159 5213 voce
1180 5137 1388 5242 disceptant
1423 5139 1686 5214 'blecbanicum
1707 5138 1812 5214 etiam
1831 5139 2083 5216 Archimedem
2103 5137 2272 5212 batiolam
2293 5133 2420 5211 Siculis
