5240 6318
420 374 490 440 Xll
1249 376 1616 446 Pttonttttomutta

422 557 561 655 nequit,
588 557 671 656 quia
693 555 822 657 pagina
847 557 918 626 515
943 555 1089 655 paginae
1120 558 1190 627 511
1219 583 1336 631 aversa
1360 581 1422 634 est.
1471 567 1583 636 Porro
1603 563 1767 666 apagina
1787 565 1858 637 515
1884 567 1928 638 ad
1953 571 2117 668 paginam
2140 575 2214 647 516
2239 577 2443 654 transilitur.

422 681 648 775 Quamquam
669 703 738 750 nee
759 675 810 747 ibi
831 677 1027 775 quidquam
1051 676 1161 756 deest.
1212 684 1331 752 Restat
1355 702 1396 753 ut
1419 682 1464 754 de
1484 685 1554 756 fine
1576 687 1657 759 libri
1679 687 1807 767 dicam.
1858 696 1942 763 Post
1967 695 2063 766 enim
2086 714 2283 770 extremum
2305 723 2445 797 quater

420 799 585 882 niottem,
612 798 675 896 qui
701 791 933 898 ad‘paginam
958 799 1028 871 587
1058 801 1273 889 extenditur,
1299 804 1572 902 semiquaternio
1596 807 1753 880 adiectus
1776 830 1842 891 est,
1867 811 1906 881 in
1926 813 2026 884 cuius
2046 816 2171 888 ultima
2191 819 2319 916 pagina
2341 847 2445 894 evan.

423 918 555 1016 gelium
570 919 710 991 Ioannis
726 918 865 1005 finitur,
890 945 968 1019 pag.
988 917 1071 992 395.
1121 921 1195 992 Nisi
1215 923 1334 995 omnia
1352 951 1410 996 me
1429 926 1570 1015 fallunt,
1597 957 1739 1003 carmen
1755 932 1794 1003 in
1810 931 1879 1005 hac
1900 935 2027 1034 pagina
2045 938 2285 1038 perscriptum
2304 940 2444 1040 longius

421 1066 496 1112 non
529 1039 780 1112 extendebatur
809 1069 916 1138 quam
949 1041 1010 1112 hic
1039 1063 1101 1113 est.
1153 1044 1330 1115 Sententia
1358 1045 1453 1116 enim
1485 1048 1559 1119 eius
1586 1050 1693 1150 plene
1722 1053 1838 1124 clausa
1868 1073 1929 1125 est.
1981 1060 2116 1128 Tamen
2147 1060 2287 1132 rubrica
2317 1063 2443 1161 pagina

421 1186 571 1261 sequens
592 1161 775 1233 chartacea
798 1187 948 1234 numero
970 1165 1046 1252 400
1067 1183 1228 1251 notatur,
1255 1167 1364 1238 etsie
1389 1195 1500 1268 porro
1526 1198 1639 1269 usque
1666 1173 1708 1244 ad
1731 1200 1809 1274 pag.
1834 1176 1919 1266 406.
1969 1176 2038 1248 Sed
2061 1177 2113 1248 nil
2138 1200 2190 1250 est
2215 1179 2254 1252 in
2278 1183 2443 1254 omnibus

423 1281 497 1353 istis
520 1282 657 1381 paginis
680 1283 870 1382 scriptum,
896 1304 937 1354 ut
962 1283 1032 1355 iam
1054 1287 1286 1384 pronuntiare
1311 1289 1477 1376 audeam,
1503 1291 1651 1390 plenum
1668 1295 1938 1394 perfectumque
1955 1323 2022 1369 nos
2041 1297 2080 1369 in
2100 1299 2259 1371 manibus
2279 1301 2443 1374 codicem

422 1401 561 1474 habere.
601 1405 701 1496 Quae
714 1423 838 1476 contra
849 1403 920 1476 dici
928 1424 1079 1506 possunt
1091 1403 1135 1476 de
1149 1406 1305 1505 reliquiis
1317 1408 1486 1482 soliorum
1502 1434 1736 1504 exsectorum,
1753 1415 1842 1489 haec
1854 1415 1923 1490 alio
1935 1419 2071 1520 aptiore
2084 1419 2168 1494 loco
2185 1421 2440 1522 expendentur.

1362 1565 1396 1666 ς.
1434 1565 1492 1640 25.

521 1687 563 1752 In
587 1707 723 1757 summa
748 1684 874 1782 pagina
898 1685 1021 1782 quinta
1047 1684 1091 1756 ad
1116 1685 1309 1782 marginem
1335 1687 1500 1762 dextrum
1516 1689 1615 1763 haec
1639 1688 1736 1788 signa
1760 1692 2004 1793 reperiuntur:
2121 1702 2169 1768 M.
2194 1721 2228 1768 n.
2259 1695 2314 1772 25.

2194 1819 2254 1908 48.

520 1932 693 2026 Repetere
724 1953 764 1998 ea
793 1927 914 2009 nolui,
951 1927 1049 2024 quod
1082 1925 1317 2000 bibliothecae
1344 1948 1480 2000 tantum
1508 1931 1628 2002 usibus
1653 1931 1896 2004 inserviebant.
1949 1939 2098 2007 Formae
2130 1937 2312 2010 literarum
2338 1942 2439 2014 valde

422 2067 580 2118 recentes
606 2068 707 2133 sunt,
741 2066 777 2120 et
805 2047 864 2118 vix
894 2048 1043 2118 altemm
1073 2048 1231 2146 elapsum
1258 2050 1437 2121 saeculum
1463 2051 1647 2124 excedunt.
1699 2060 1872 2126 Numerus
1898 2057 1958 2145 48.
1983 2057 2094 2128 minio
2124 2057 2241 2156 pictus
2271 2080 2339 2146 est,
2376 2061 2438 2133 sed

422 2167 555 2238 recenti
561 2199 573 2261 ;
599 2168 753 2264 reliquae
770 2169 891 2240 literae
910 2170 1120 2266 numerique
1143 2171 1276 2241 recenti
1292 2191 1496 2245 atramento.
1548 2172 1645 2265 Quid
1663 2199 1748 2245 vero
1766 2194 1832 2260 est,
1859 2173 1958 2271 quod
1975 2175 2040 2247 ista
2059 2176 2156 2274 signa
2173 2203 2248 2251 non
2262 2177 2301 2248 in
2321 2180 2439 2278 primo

421 2288 530 2360 totius
554 2287 636 2360 libri
663 2289 751 2361 solio
780 2289 897 2386 posita
924 2291 1031 2360 sunt?
1062 2290 1163 2360 Haud
1192 2311 1399 2364 cunctanter
1427 2292 1646 2394 respondeo:
1672 2295 1710 2364 in
1736 2295 1854 2393 primo
1878 2297 1966 2368 solio
1994 2297 2148 2397 spatium
2175 2324 2250 2371 non
2275 2304 2438 2373 exstabat.

420 2411 578 2506 Namque
604 2411 767 2482 carminis
791 2410 959 2482 Hilarimi
984 2437 1103 2484 versus
1128 2438 1241 2510 usquc
1267 2413 1311 2484 ad
1337 2433 1533 2486 extremum
1554 2415 1627 2487 sere
1652 2413 1846 2512 marginem
1868 2417 2108 2516 porriguntur.

1362 2567 1396 2667 ς.
1437 2569 1495 2641 aa.

520 2690 575 2760 Ad
600 2708 741 2762 externa
767 2688 873 2758 etiam
889 2690 1119 2787 scriptionem
1139 2691 1272 2775 refero,
1299 2689 1344 2760 de
1369 2716 1439 2787 qua
1458 2709 1572 2761 tamen
1595 2689 1806 2787 paucissima
1830 2709 1967 2761 tantum
1984 2691 2117 2780 habeo,
2143 2719 2233 2790 quae
2252 2721 2436 2783 moneam,

420 2807 502 2904 quia
527 2829 699 2905 quantum
727 2807 805 2878 fieri
829 2807 968 2906 potuit,
1004 2808 1041 2877 in
1065 2809 1157 2880 libro
1185 2835 1293 2906 quem
1321 2810 1481 2882 manibus
1511 2831 1626 2896 tenes,
1659 2837 1738 2882 sum
1764 2811 1929 2885 imitatus.
1981 2812 2076 2884 Nihil
2092 2814 2174 2887 dico
2196 2815 2241 2886 de
2261 2817 2438 2888 scribendi

419 2927 642 3028 compendiis
663 2928 703 2998 in
725 2948 893 3001 contextu
918 2930 974 3001 vel
994 2935 1132 3002 Graeco
1152 2930 1208 3002 vel
1231 2931 1359 3002 Latino
1384 2929 1514 3015 obviis,
1547 2954 1630 2998 nam
1650 2930 1780 3029 prioris
1801 2932 1962 3030 inprimis
1987 2960 2062 3004 rara
2084 2953 2184 3017 sunt,
2220 2953 2256 3004 et
2276 2937 2438 3008 omnium

419 3049 742 3146 antiquissimorum
769 3049 944 3122 librorum
968 3051 1190 3142 communia;
1223 3050 1313 3121 nihil
1337 3050 1419 3123 dico
1444 3050 1490 3120 de
1517 3076 1584 3136 eo,
1610 3050 1709 3149 quod
1732 3052 1771 3122 in
1796 3051 1939 3123 Graecis
1965 3051 2066 3123 litera
2090 3053 2228 3124 literam
2251 3055 2325 3126 sine
2351 3081 2438 3128 con-

364 3249 371 3258 ,
417 3169 599 3242 iunctione
625 3170 802 3266 sequitur;
835 3170 926 3242 nihil
950 3170 995 3241 de
1018 3172 1178 3269 punctis,
1205 3171 1332 3268 quibus
1356 3170 1517 3242 librarius
1540 3171 1712 3245 voeabula
1738 3171 1902 3242 dirimere
1927 3191 2074 3244 conatus
2100 3192 2169 3258 est,
2206 3173 2305 3270 quod
2332 3200 2436 3275 saepe

417 3315 544 3389 parum
570 3289 716 3363 feliciter
738 3291 930 3390 processit;
956 3290 1046 3360 nihil
1071 3290 1116 3361 de
1141 3290 1281 3362 lineolis
1301 3290 1428 3389 quibus
1451 3291 1558 3362 latina
1575 3293 1746 3363 instructa
1769 3312 1866 3382 sunt3
1891 3291 1981 3362 nihil
2001 3291 2047 3364 de
2068 3292 2209 3365 defectu
2227 3316 2438 3366 accentuum

418 3431 456 3483 et
480 3412 678 3509 spirituum.
728 3412 795 3482 Sed
821 3414 971 3510 effugere
996 3413 1092 3484 oculi
1115 3412 1168 3482 tui
1192 3413 1304 3483 aciem
1324 3411 1425 3482 facile
1447 3432 1584 3510 posset,
1610 3411 1784 3508 quaedam
1804 3432 2014 3483 accentuum
2038 3432 2074 3483 et
2098 3414 2287 3514 spirituum
2308 3414 2439 3488 indicia

415 3530 518 3603 initio
544 3533 655 3604 Marci
680 3532 836 3632 reperiri.
887 3532 996 3627 Quod
1023 3558 1067 3604 eo
1098 3532 1206 3628 magis
1230 3531 1429 3604 notandum
1454 3552 1524 3620 est,
1553 3559 1665 3629 quum
1691 3533 1801 3604 Marci
1825 3534 2043 3631 evangelium
2073 3534 2279 3630 antiquitate
2302 3537 2437 3634 reliqua

417 3652 530 3725 nostri
551 3653 633 3724 libri
657 3653 871 3753 praecellere
899 3653 1060 3726 videatur
1084 3697 1133 3712 -
1158 3653 1254 3724 unde
1286 3654 1482 3749 colligitur,
1517 3678 1660 3724 omnem
1685 3653 1816 3724 librum
1841 3673 2002 3752 tempore
2032 3654 2204 3752 scriptum
2231 3681 2323 3742 esse,
2362 3683 2435 3755 quo

417 3793 582 3845 accentus
603 3792 639 3844 et
662 3773 805 3872 spiritus
825 3772 896 3844 iam
920 3775 1010 3873 poni
1034 3775 1315 3873 inceperant-
1339 3773 1444 3844 etiam
1472 3799 1513 3844 ea
1539 3772 1584 3844 de
1618 3799 1739 3860 causa,
1774 3775 1874 3871 quod
1904 3797 2068 3847 accentus
2092 3777 2164 3846 sere
2190 3776 2322 3873 ubique
2350 3779 2435 3850 falso

415 3892 500 3966 loco
531 3893 641 3993 positi
671 3895 756 3976 sint,
790 3914 827 3966 et
854 3895 1032 3996 inprimis,
1066 3895 1129 3966 ubi
1162 3894 1342 3966 encliticae
1376 3893 1667 3992 praecedentibus
1696 3894 1900 3967 firlciuntur.
1934 3900 2176 3995 (ὁμαλισμός.)
2204 3941 2252 3960 ·-
2276 3897 2436 3968 Alterum

414 4013 514 4111 quod
539 4013 740 4087 moniturus
764 4040 860 4102 sum,
886 4015 924 4085 in
948 4041 1052 4086 usum
1073 4012 1227 4087 Scholzii
1240 4013 1388 4099 adiicio,
1415 4013 1478 4110 qui
1496 4013 1534 4085 in
1550 4013 1622 4087 hoc
1643 4015 1768 4087 codiee
1784 4016 1928 4113 vestigia
1945 4017 2143 4091 stichorum
2161 4016 2435 4114 deprehendisse

415 4133 482 4204 sibi
506 4133 655 4207 videtur.
706 4139 795 4207 Sunt
827 4137 939 4222 enim,
970 4139 1035 4222 ait,
1070 4163 1102 4207 v.
1129 4162 1161 4231 g.
1211 4135 1335 4208 Matth.
1361 4142 1396 4218 1,
1426 4135 1482 4205 18.
1516 4154 1649 4232 puncta
1673 4155 1757 4234 post
1787 4165 1928 4228 γενισις,
1949 4153 2006 4225 aa,
2027 4169 2101 4226 της,
2120 4170 2262 4232 amotae,
2282 4171 2343 4236 ru,
2369 4159 2435 4210 etc.

414 4257 524 4325 Error
552 4254 657 4352 plane
687 4256 872 4343 ridiculus,
906 4257 944 4326 in
973 4281 1080 4352 quem
1115 4255 1300 4353 quomodo
1334 4255 1490 4327 incidere
1521 4256 1681 4353 potuerit
1714 4258 1767 4329 vir
1800 4259 1838 4328 in
1870 4261 1973 4331 rebus
1999 4258 2128 4329 criticis
2153 4285 2220 4359 per
2244 4280 2299 4332 000
2324 4285 2436 4330 annos

413 4394 586 4460 versatas,
612 4377 670 4448 vix
688 4378 968 4479 comprehendo.
1016 4383 1104 4449 Nam
1124 4397 1165 4448 ut
1188 4377 1232 4448 de
1252 4402 1295 4449 eo
1317 4395 1467 4461 taceam,
1495 4374 1594 4471 quod
1621 4375 1727 4447 etiam
1751 4397 1834 4474 post
1856 4409 2009 4476 χριστου,
2034 4400 2117 4476 post
2142 4413 2181 4466 η,
2205 4397 2289 4476 post
2312 4410 2436 4474 μητρος

413 4515 547 4593 puncta
571 4517 666 4580 sunt,
692 4523 781 4594 quae
807 4496 988 4570 Scholuias
1012 4497 1207 4597 prudenter
1233 4497 1366 4583 omisit,
1394 4497 1498 4596 plane
1524 4495 1685 4592 ignorare
1711 4497 1852 4570 videtur
1870 4527 2013 4574 omnem
2033 4519 2105 4588 tam
2130 4495 2304 4569 rationem
2330 4527 2436 4595 quam

1041 4619 1057 4642 ς’

413 4641 518 4689 usum
548 4618 774 4715 antiquorum
808 4618 1013 4692 stichorum.
1040 4623 1078 4717 a)
1137 4619 1226 4712 Quis
1256 4617 1351 4691 enim
1376 4642 1534 4712 unquam
1557 4615 1711 4688 stichum
1737 4620 1802 4690 sibi
1829 4618 2056 4717 excogitavit,
2092 4617 2155 4714 qui
2178 4643 2250 4687 una
2276 4645 2364 4692 voce
2390 4652 2436 4694 τω

459 4891 490 4964 ζ’)
530 4889 729 4966 dlontsoueota
749 4886 917 4970 palaeogr.
940 4887 1060 4951 Graec.
1081 4887 1143 4954 fol.
1159 4889 1210 4953 18.
1252 4888 1419 4966 „Graecis
1435 4907 1504 4950 anos
1525 4900 1593 4952 erat
1606 4887 1780 4971 antiquitus
1796 4909 1856 4970 per
1870 4883 2001 4970 στίχους
2014 4910 2070 4952 seu
2084 4886 2265 4952 versiculos
2280 4883 2436 4950 orationis

531 4996 638 5062 partes
664 4979 879 5068 distinguere:
912 4977 1021 5063 στίχος
1048 4995 1151 5046 autem
1177 5003 1242 5046 non
1262 4984 1418 5066 integram
1439 4981 1606 5064 periodum
1628 4983 1835 5065 designabat,
1865 4984 1922 5045 sed
1942 5003 2009 5048 eam
2031 4993 2170 5065 partem,
2200 4980 2260 5044 etsi
2282 4999 2436 5063 perquam

532 5073 707 5150 minirnam,
727 5076 776 5136 ubi
793 5077 854 5136 iam
871 5077 974 5154 01100ιί0
990 5097 1099 5151 mmet,
1118 5073 1181 5140 lieet
1200 5077 1379 5158 100000ίοοω
1399 5089 1426 5139 et
1442 5080 1605 5150 laedentia,
1623 5079 1772 5142 0001000000
1789 5079 1882 5138 0000.ει
