5240 6318
429 447 492 514 nrt
513 443 655 513 sons
676 444 1000 512 Manuscnrrrr
1021 429 1375 514 sanctonensis
1396 443 1766 512 utncmantnus.
1808 445 1916 513 car.
1938 447 2002 514 vr.
2104 447 2228 514 xxix

407 631 486 700 Hoc
510 649 645 700 nomen
670 623 886 706 rarissimum
910 645 973 700 est
1023 629 1142 720 Quare
1169 653 1281 726 quum
1305 653 1371 728 per
1395 653 1432 702 se
1448 627 1520 700 iam
1534 627 1580 700 sit
1596 625 1800 710 verisimile,
1826 629 1874 698 ob
1888 625 2094 702 interiorem
2109 653 2230 701 neces-

306 749 501 831 situdinem
527 775 618 847 quae
642 749 734 822 inter
749 748 1007 846 sangallensem
1033 769 1068 821 et
1094 748 1366 824 Boernerianum
1392 749 1597 834 intercedit,
1623 748 1661 822 in
1686 767 1840 846 utroque
1867 747 2016 820 eandem
2040 774 2229 850 personam

308 870 504 970 indigitari,
546 871 618 942 hoc
643 869 719 970 ipsa
743 870 898 942 nominis
923 870 1061 942 raritate
1088 892 1123 943 et
1148 871 1222 948 aliis
1248 872 1354 946 etiam
1379 874 1555 957 firmatur,
1598 871 1642 944 de
1668 871 1796 968 quibus
1819 869 1937 943 statim
1962 867 2088 942 dicam.
2141 877 2229 944 Fere

307 993 448 1092 triginta
481 993 576 1064 eni'm
610 991 689 1064 loca
718 1010 801 1063 sunt
831 992 1015 1091 utriusque
1044 993 1128 1064 libri
1157 993 1405 1094 manuscripti,
1440 994 1479 1065 in
1513 992 1640 1090 quibus
1672 991 1829 1088 Agarron
1858 989 1994 1062 citatur.
2057 991 2167 1085 Quod
2200 993 2230 1064 si

307 1135 468 1186 naturam
492 1113 624 1186 horum
649 1112 814 1185 locorum
845 1133 1000 1213 spectes,
1039 1112 1083 1185 ad
1116 1138 1228 1185 unum
1260 1140 1384 1186 omnes
1417 1114 1551 1188 ascesin
1582 1134 1759 1214 spectant,
1801 1117 1980 1186 bonorum
2014 1114 2230 1188 terrestrium
2374 1111 2384 1124 ”

307 1256 529 1312 contemtum
556 1234 703 1323 docent,
749 1235 985 1306 austeritatem
1010 1235 1119 1324 vitae,
1160 1233 1339 1308 silentium
1365 1235 1455 1309 adeo
1482 1235 1744 1309 commendant.
1807 1241 1930 1334 ltaque
1956 1235 2056 1307 facile
2082 1236 2124 1307 ad
2152 1263 2231 1310 sen-

306 1355 451 1428 tentiam
487 1355 716 1443 deducimur,
753 1356 963 1450 Agorrorrem
997 1349 1041 1429 de
1075 1357 1144 1429 vita
1178 1357 1369 1430 monastica
1403 1385 1513 1458 eaque
1546 1339 1718 1430 severiore
1753 1354 1941 1458 scripsisse.
2010 1363 2127 1458 Atque
2159 1359 2231 1432 hoc

310 1475 407 1548 idem
433 1477 471 1547 in
497 1503 579 1548 eum
603 1481 809 1574 Aganonem
834 1476 944 1558 cadit,
987 1478 1048 1574 qui
1074 1477 1170 1549 solus
1194 1475 1267 1550 hoc
1291 1477 1436 1551 nomine
1460 1479 1563 1553 nobis
1588 1481 1762 1568 innotuit,
1805 1482 2014 1581 episcopum
2038 1488 2232 1556 Camoten-

310 1624 404 1684 sem,
438 1597 501 1695 qui
526 1601 578 1668 ΙΧ
603 1594 738 1670 kalend.
765 1603 901 1670 Ianuar.
928 1583 1153 1672 DCCCCXLl
1180 1597 1302 1671 indict.
1328 1606 1410 1672 XIV
1436 1601 1532 1673 diem
1556 1629 1762 1704 supremum
1787 1604 1885 1678 obiit.
1936 1606 2002 1678 llic
2029 1610 2149 1708 Agano
2174 1607 2231 1682 vel

312 1724 501 1818 Haganon,
538 1718 704 1792 Aimerici
737 1720 919 1822 proximus
945 1745 1143 1807 successor,
1177 1721 1429 1795 monasterium
1453 1725 1486 1794 S.
1512 1723 1606 1795 Petri
1631 1724 1668 1798 in
1693 1725 1782 1797 valle
1808 1729 1853 1815 (S.
1879 1727 1997 1801 Pierre
2024 1733 2069 1800 en
2087 1729 2229 1829 Vallee),

311 1871 331 1916 a
356 1843 514 1946 paganis,
540 1843 564 1915 i.
594 1870 624 1915 e.
650 1841 890 1923 Nortmannis,
916 1867 1027 1940 paene
1053 1841 1090 1911 in
1115 1840 1345 1914 solitudinem
1370 1841 1569 1927 redactum,
1601 1843 1875 1918 afundamento
1902 1847 2155 1935 reaedificavit,
2199 1862 2232 1922 et

307 1967 479 2040 canentia
512 1965 726 2036 institutione
753 1962 952 2036 clerr'eomm
990 1963 1167 2034 instruxit.
1209 1963 1259 2034 ef.
1332 1967 1419 2038 Acta
1451 1967 1660 2042 Sanctorum
1693 1967 1771 2041 ord.
1805 1973 1838 2044 S.
1870 1969 2059 2052 Benedicti,
2093 1976 2168 2045 Sec.
2202 1975 2232 2040 V
2278 1961 2282 1968 ’

305 2116 325 2160 0
360 2087 501 2161 Christo
526 2091 572 2160 X.
610 2085 670 2159 fol.
700 2085 783 2158 280.
821 2082 902 2156 coll.
936 2083 1020 2158 908.
1081 2087 1134 2156 Ex
1166 2067 1330 2184 proxime
1364 2085 1507 2159 laudato
1540 2085 1623 2160 loco
1654 2107 1769 2190 patet,
1809 2087 2082 2164 instrumentum
2114 2089 2233 2189 ipsum

308 2208 538 2283 restitutionis
564 2205 768 2280 monasterii
792 2205 886 2277 illius
912 2205 1081 2299 Agerium
1116 2204 1187 2280 dici
1219 2207 1451 2284 consuevisse.
1519 2209 1679 2281 Conferri
1713 2211 1816 2282 etiam
1848 2232 2029 2286 merentur
2063 2239 2151 2312 quae
2186 2212 2230 2284 de

305 2333 373 2406 hac
403 2359 440 2404 re
467 2331 626 2431 exposita
650 2349 733 2402 sunt
757 2327 795 2400 in
820 2329 870 2400 du
895 2325 1026 2400 Fresne
1050 2326 1203 2397 Glossar.
1230 2325 1254 2398 Ι.
1280 2354 1311 2398 0.
1337 2331 1402 2400 sub
1427 2327 1505 2402 voc.
1531 2313 1689 2427 Aganon.
1743 2327 1966 2402 Matthaer'us
1992 2331 2036 2403 de
2062 2337 2229 2430 Aganone

305 2480 351 2526 ne
375 2457 524 2526 verbum
549 2451 706 2550 quidem.
758 2447 881 2520 Obiter
905 2447 1018 2548 tetigit
1042 2446 1277 2522 Mabillomim
1291 2450 1329 2520 in
1344 2451 1522 2526 annalium
1539 2452 1617 2528 ord.
1635 2458 1738 2527 Tom.
1755 2459 1823 2542 ΙΙΙ,
1850 2454 1909 2527 lib.
1923 2459 2069 2527 XXXV.
2097 2455 2157 2528 101.
2169 2457 2228 2530 01.

308 2575 404 2655 med.
435 2576 495 2650 lib.
523 2579 628 2648 XLV.
654 2572 716 2646 fol.
745 2567 914 2644 505101.
942 2573 1045 2644 Tom.
1072 2573 1111 2642 Ι..
1126 2567 1186 2641 lib.
1214 2563 1364 2654 v1‚sol.
1394 2571 1475 2664 147.
2216 2571 2220 2585 ”

1157 2713 1191 2815 §.
1218 2709 1276 2783 72.

220 2849 313 2950 deest
337 2849 439 2944 (nam
464 2847 512 2917 ita
537 2845 626 2947 poni
649 2844 709 2917 hic
733 2864 867 2946 potest,
894 2871 1005 2945 quum
1031 2844 1286 2944 compendium
1307 2848 1407 2934 yocis
1431 2862 1482 2922 est
1505 2875 1570 2950 per
1593 2869 1707 2920 totum
1734 2849 1896 2922 codicem
1914 2851 2113 2953 saepissime
2131 2879 2232 2955 repe-

344 2971 452 3068 tatur)
477 2992 554 3067 pag.
582 2967 648 3058 48,
682 2964 744 3037 110.
772 2967 805 3037 7.
836 2965 926 3057 124,
955 2961 1040 3052 150,
1069 2965 1150 3040 590.

238 3093 320 3174 -dl-
345 3117 423 3194 pag.
453 3093 542 3182 144,
571 3084 662 3176 159,
690 3088 782 3174 220,
809 3086 901 3180 548,
929 3081 1020 3175 575,
1055 3087 1112 3159 vel
1137 3085 1273 3160 omissis
1298 3088 1477 3188 punctulis
1503 3115 1580 3190 pag.
1609 3087 1698 3176 159,
1725 3091 1820 3163 idem
1847 3091 1883 3166 in
1910 3095 2156 3168 Boemeriano.

235 3219 323 3305 ’011-
349 3221 410 3294 101.
439 3222 460 3290 5
488 3244 605 3300 verso,
633 3217 694 3290 sol.
722 3218 747 3290 8
771 3243 891 3306 verso,
927 3219 986 3291 101.
1017 3221 1062 3290 10
1087 3245 1209 3308 verso,
1243 3219 1303 3293 101.
1331 3220 1378 3293 20
1405 3247 1525 3309 verso,
1560 3219 1620 3294 101.
1648 3221 1696 3292 62
1723 3246 1842 3308 verso,
1880 3222 1939 3294 sol.
1968 3225 2036 3311 77,
2074 3226 2228 3318 10184,

345 3349 406 3424 101.
432 3349 481 3424 92
506 3371 627 3434 verso,
654 3347 716 3419 fol.
742 3345 802 3422 95.

219 3473 312 3547 deest
344 3473 382 3543 in
402 3497 527 3568 graeco
552 3469 614 3541 sol.
643 3468 688 3539 25
715 3493 828 3540 verso.

400 3593 498 3704 Quid
525 3592 588 3665 illo
614 3591 716 3689 signo
741 3591 798 3664 vel
823 3591 996 3664 vocabulo
1021 3595 1238 3693 significetur
1272 3621 1316 3667 eo
1348 3594 1465 3667 minus
1497 3594 1644 3668 dubium
1671 3622 1745 3669 esse
1770 3617 1906 3698 potest,
1946 3624 2058 3695 quum
2083 3598 2121 3670 in
2145 3624 2231 3699 pro·

304 3719 397 3794 xime
423 3712 607 3790 nominato
634 3714 859 3788 Boemeriani
883 3716 967 3788 loco
993 3716 1149 3790 dilucide
1173 3719 1247 3791 hoc
1272 3743 1473 3817 expressum
1501 3719 1554 3791 sit.
1604 3725 1682 3818 Pag.
1708 3719 1938 3816 sangallensis
1966 3722 2037 3811 124
2068 3721 2229 3796 librarius

239 3815 243 3822 Ι
308 3861 382 3914 erat
405 3840 669 3938 indigitatums,
694 3858 778 3939 post
802 3869 906 3913 αυτον
925 3839 1064 3928 deesse,
1091 3839 1188 3938 quod
1216 3839 1253 3910 in
1279 3838 1385 3912 codd.
1412 3845 1495 3912 BCL
1521 3841 1596 3913 aliis
1622 3861 1747 3913 exstat:
1775 3843 1877 3917 attae
1902 3843 1938 3906 δε
1958 3841 2071 3923 testas
2097 3843 2229 3926 λογχην.

305 3975 413 4056 eroges
433 3997 536 4040 aaron
555 3995 615 4054 την
635 3975 797 4060 πλευραν,
817 3995 877 4038 και
896 3970 1147 4063 ιξηλθενοδωρ
1167 3993 1226 4036 και
1246 3995 1344 4054 αιμα.
1391 3941 1474 4062 Ῥας.
1505 3969 1575 4058 144
1601 3965 1747 4064 aliisque
1773 3967 1843 4040 iam
1868 3969 1968 4042 locus
1988 3997 2116 4042 vacuus
2133 3971 2229 4044 lacu·

308 4119 390 4166 nam
416 4093 582 4166 ostendit.
652 4092 796 4163 Maximi
821 4111 939 4164 autem
965 4087 1137 4162 momenti
1162 4108 1231 4176 est,
1276 4088 1374 4187 quod
1401 4088 1510 4162 semel
1541 4087 1578 4158 in
1605 4090 1839 4164 Boemeriano
1866 4092 2024 4180 additur,
2072 4093 2166 4166 deest
2190 4098 2228 4170 in

309 4214 455 4292 Graeco.
517 4214 604 4288 Inde
639 4214 732 4286 enim
766 4213 886 4313 colligi
917 4241 1021 4316 posse
1047 4213 1202 4296 videtur,
1240 4239 1315 4285 non
1341 4212 1384 4286 ad
1411 4210 1703 4286 Graeco-Latina
1727 4212 1789 4288 sed
1816 4212 1859 4285 ad
1886 4189 2082 4288 Graecast
2105 4215 2228 4290 Latina

306 4339 467 4441 exempla
492 4359 633 4414 nostros
657 4365 732 4412 esse
759 4359 925 4412 exaratos.

1151 4473 1184 4578 §7
1212 4475 1269 4548 75.

204 4616 283 4690 Et:
312 4643 390 4720 pag.
420 4617 501 4710 124.

206 4740 269 4816 Gr.
300 4765 378 4842 pag.
403 4741 484 4832 124.

201 4871 267 4960 Γρ.
297 4871 421 4942 Boern.
451 4865 511 4938 101.
537 4861 583 4938 57
611 4890 724 4940 verso.

200 4995 257 5066 effi
288 4995 413 5066 noem.
439 4987 501 5062 101.
526 4985 572 5060 57
597 5015 727 5071 verso„
754 4986 814 5060 fol.
836 4987 881 5060 77
903 5009 1015 5058 verso.

200 5143 271 5214 gre.
297 5136 333 5192 et
358 5127 481 5188 contra
502 5139 571 5210 gre.
599 5112 742 5202 similia,
775 5107 974 5213 saepissime
1000 5107 1038 5180 in
1064 5111 1226 5182 Boemer.
