5240 6318
402 417 527 484 xxva
1227 409 1594 478 naonscommva

1262 594 1361 672 CA
1385 593 1433 672 P.
1483 587 1567 670 VI.

403 806 505 886 ms
543 805 752 885 No'rls
789 799 1278 882 Mfflnscnmul
1314 793 1827 879 SANGALLENSIS
1861 789 2427 876 mammos·

1299 1005 1526 1022 ὼ

1353 1191 1387 1291 §-
1414 1187 1474 1259 sa.

502 1363 545 1428 ln
575 1354 764 1428 tractandis
795 1357 867 1427 fere
901 1354 1016 1427 omnis
1049 1352 1185 1452 generis
1217 1351 1400 1427 codicibus
1428 1351 1524 1428 haud
1554 1351 1760 1424 facillimum
1793 1377 1885 1452 opus
1918 1371 1970 1422 est
1993 1371 2159 1433 notarum
2183 1337 2426 1451 marginalium

407 1479 608 1579 explicatio.
659 1478 724 1549 Vel
748 1477 846 1550 enim
869 1477 967 1548 lectu
990 1496 1072 1547 sunt
1095 1475 1285 1576 pleraeque
1311 1474 1401 1547 adeo
1428 1473 1603 1562 difficiles,
1629 1475 1765 1552 atsere
1791 1472 2006 1546 divinatione
2032 1499 2124 1574 opus
2140 1473 2202 1562 sit,
2227 1473 2258 1544 si
2273 1493 2427 1546 tantum-

405 1600 517 1674 modo
543 1601 695 1700 syllabae
721 1599 884 1672 extricari
909 1597 1029 1671 velint.
1080 1602 1214 1669 Tamen
1239 1617 1338 1670 certo
1364 1597 1434 1668 iam
1459 1597 1606 1669 detectis
1630 1595 1715 1696 ipsis
1736 1621 1826 1694 quae
1842 1593 1990 1692 intelligi
2005 1593 2166 1668 librarius
2182 1595 2296 1667 voluit
2311 1597 2428 1670 nomi-

404 1723 524 1809 nibus,
552 1721 728 1793 difficilius
753 1723 858 1818 longe
884 1720 972 1792 illud
999 1741 1118 1807 restat,
1146 1720 1315 1820 reperire,
1341 1719 1426 1818 quid
1445 1719 1638 1817 significare
1661 1717 1737 1789 istis
1752 1717 1936 1817 cupiverit
1987 1717 2178 1815 Utriusque
2198 1744 2264 1790 nos
2279 1717 2427 1815 quidem

404 1845 604 1944 periculum
620 1845 796 1916 faciamus.
821 1842 931 1937 Quod
944 1863 984 1914 ut
998 1842 1126 1914 rectius
1138 1841 1310 1942 procedat
1325 1843 1363 1913 in
1380 1862 1533 1939 quatuor
1549 1841 1673 1912 classes
1688 1860 1791 1912 notas
1808 1863 1931 1914 omnes
1948 1837 2195 1938 dispescamus,
2212 1867 2254 1912 ac
2270 1841 2427 1941 primum

406 1966 553 2063 quidem
580 1966 625 2038 de
651 1965 693 2038 iis
719 1992 877 2064 agamus,
905 1965 1033 2063 quibus
1060 1965 1228 2038 orationis
1253 1985 1436 2036 contextae
1461 1990 1541 2064 pars
1567 1962 1739 2061 quaedam
1765 1962 1954 2063 repetitur3
1985 1961 2114 2034 delude
2141 1962 2185 2033 de
2210 1961 2271 2049 iis,
2299 1963 2427 2060 quibus

406 2110 656 2186 argumentum
685 2088 783 2185 quod
811 2108 925 2159 textus
950 2107 1074 2159 tractat
1098 2087 1136 2158 in
1160 2087 1363 2159 universum
1389 2085 1606 2185 designatum
1634 2107 1710 2156 tum
1735 2085 1779 2156 de
1794 2107 1972 2158 canonum
1989 2106 2025 2157 et
2042 2085 2241 2167 sectionum
2255 2086 2427 2176 numeris3

406 2208 564 2307 denique
591 2209 637 2280 de
663 2209 808 2306 reliquis
834 2208 998 2280 omnihus
1021 2209 1118 2281 notis
1143 2208 1405 2305 marginalibus,
1443 2208 1488 2281 de
1524 2235 1675 2307 quarum
1707 2207 1921 2305 singularum
1950 2208 2084 2280 ratione
2115 2233 2205 2306 quae
2234 2235 2317 2280 cum
2343 2235 2429 2282 con-

407 2350 505 2401 textu
531 2331 743 2418 intercedat,
771 2329 931 2428 quaestio
956 2330 1116 2430 specialis
1140 2330 1354 2403 instituenda
1380 2350 1441 2403 est.

1353 2509 1388 2610 §.
1415 2511 1474 2600 64.

492 2639 719 2735 speraveram
745 2635 906 2734 quidem,
931 2635 969 2705 in
994 2633 1176 2707 Matthaeii
1200 2660 1257 2705 me
1284 2633 1439 2706 editione
1467 2632 1690 2705 Boerneriani
1714 2633 1809 2716 ltaud
1836 2659 1963 2734 parum
1987 2634 2109 2709 auxilii
2134 2659 2207 2706 esse
2232 2654 2428 2708 nacturum.

405 2755 473 2827 Sed
500 2781 580 2856 spes
605 2783 662 2828 me
688 2757 819 2829 fefellit.
868 2762 1027 2854 Namque
1051 2757 1111 2828 hic
1128 2755 1183 2827 vir
1206 2754 1498 2830 laboriosissimus
1523 2753 1689 2828 historiae
1716 2757 1969 2836 ecclesiasticae
1995 2756 2086 2830 adeo
2113 2755 2179 2835 fuit
2203 2756 2361 2855 ignarus,
2388 2777 2429 2828 ut

406 2879 444 2947 in
469 2876 662 2950 notissimis
687 2876 778 2949 adeo
803 2877 974 2950 haereret.
1025 2879 1181 2949 Omnino
1207 2875 1312 2948 etiam
1338 2877 1382 2946 de
1408 2877 1607 2972 diligentiae
1633 2877 1742 2976 ipsius
1767 2878 1838 2950 fide
1864 2879 1994 2959 sensim
2018 2879 2219 2977 sensimque
2237 2877 2430 2950 dubitatio-

406 3025 470 3071 nes
500 2997 591 3070 mihi
623 3019 706 3070 sunt
735 3001 910 3071 subnatae.
972 3004 1130 3097 Namque
1161 2997 1199 3069 in
1227 2996 1409 3070 nonnullis
1443 3021 1526 3068 eum
1560 3017 1678 3096 aperte
1713 3017 1887 3070 errantem
1919 2998 2141 3100 deprehendi
2148 3032 2159 3090 3
2200 2998 2262 3070 sed
2295 2999 2430 3096 ubique

406 3119 584 3194 obstinato
610 3121 746 3203 animo,
773 3147 863 3218 quae
888 3121 987 3222 prius
1011 3140 1181 3202 senserat,
1207 3119 1466 3199 defendentem.
1484 3164 1534 3177 -
1547 3118 1615 3191 Sed
1641 3118 1686 3190 ad
1711 3119 1912 3194 institutum
1937 3139 2109 3193 revertam
2134 3141 2170 3191 et
2193 3119 2267 3194 hoc
2292 3142 2430 3193 tantum

405 3242 446 3310 in
471 3241 675 3314 universum
701 3268 884 3322 moneam.
917 3241 961 3312 ad
989 3268 1029 3313 ea
1054 3241 1173 3314 omnia
1197 3240 1259 3311 hic
1283 3267 1358 3312 non
1382 3241 1528 3340 respici,
1562 3267 1652 3341 quae
1677 3242 1734 3316 vel
1758 3241 1885 3316 Graeci
1910 3243 1967 3315 vel
1990 3241 2106 3314 Latini
2130 3263 2245 3316 textus
2268 3271 2351 3344 pars
2376 3243 2430 3315 in·

407 3384 505 3462 tegra
530 3363 614 3450 sint,
656 3389 872 3464 quamquam
896 3362 934 3435 in
960 3363 1115 3462 margine
1141 3362 1309 3462 legantur.

1344 3548 1380 3648 §-
1419 3543 1480 3618 65.

503 3693 531 3756 Ι.
587 3681 769 3760 Oraleirnis
793 3695 977 3759 comatae
998 3709 1088 3785 pars
1112 3683 1289 3783 quaedam
1314 3682 1370 3756 ad
1391 3685 1585 3780 marginem
1609 3687 1779 3784 repetr‘tur.
1829 3693 1882 3759 Ita
1905 3713 1984 3788 pag.
2003 3687 2050 3758 23
2075 3708 2260 3780 nascente3
2285 3713 2364 3789 pag.
2381 3689 2431 3761 63

405 3825 569 3910 βρωμιυς,
606 3809 870 3910 suprascripto
897 3827 1027 3880 sctum.
1053 3832 1132 3907 pag.
1159 3807 1205 3880 71
1233 3841 1358 3906 nacla.
1386 3829 1464 3908 pag.
1494 3806 1582 3900 104,
1619 3807 1692 3880 168
1718 3829 1753 3881 et
1779 3809 1865 3892 361.
1901 3807 1973 3882 365
1997 3837 2172 3896 υποκαντη
2196 3812 2250 3885 bis
2275 3809 2433 3910 aliquan·

406 3953 482 4005 tum
510 3951 703 4024 mutatum3
741 3957 820 4032 pag.
849 3930 921 4003 119
947 3935 1065 4014 δηλοςς
1100 3953 1180 4031 pag.
1201 3931 1269 3999 131
1288 3929 1435 4002 homine
1450 3929 1600 4003 habente
1618 3957 1761 4003 manum
1776 3930 1925 4024 aridam3
1950 3932 2035 4008 ibid.
2061 3935 2107 4008 de
2124 3935 2271 4008 muliere
2297 3933 2433 4006 {luxum

406 4052 583 4152 sanguinis
608 4053 780 4154 patiente;
805 4053 891 4125 ibid.
909 4053 1076 4144 caesaria;
1100 4077 1179 4153 pag.
1199 4054 1267 4126 171
1286 4051 1466 4144 dvsoolus3
1500 4079 1578 4154 pag.
1598 4056 1668 4146 174
1685 4081 1772 4126 mv
1796 4055 1854 4153 (in
1880 4075 1977 4129 textu
2003 4081 2095 4150 cepas
2114 4063 2208 4159 est);
2246 4083 2324 4159 pag.
2361 4054 2431 4130 195

408 4193 610 4258 antemnam
662 4199 740 4272 pag.
782 4173 854 4246 196
893 4174 1073 4256 θυμιαμας
1128 4195 1208 4274 pag.
1250 4175 1318 4248 197
1357 4174 1466 4267 elide3
1519 4201 1598 4276 pag.
1635 4175 1706 4249 215
1744 4197 1885 4264 μετοχης
1923 4207 2001 4280 pag.
2037 4180 2109 4272 240
2151 4181 2264 4252 calcar
2298 4199 2433 4264 maoz

407 4331 486 4408 pag.
516 4299 589 4374 258
615 4295 847 4382 'testivitates
879 4323 957 4398 pag.
986 4299 1058 4370 262
1092 4315 1327 4376 anastaseos,
1363 4321 1442 4396 pag·
1470 4296 1540 4370 ²65
1576 4321 1721 4384 “rastas
1759 4331 1837 4406 pag.
1872 4304 1945 4378 ato
1971 4303 2111 4387 decess
2150 4330 2229 4404 pag.
2257 4304 2330 4376 tta
2353 4298 2433 4394 γιῖη

407 4451 487 4529 pag.
512 4425 584 4500 283
610 4445 707 4508 ημκς
748 4449 827 4526 pag.
856 4423 928 4516 284
953 4443 1112 4508 πραγμας
1144 4448 1224 4526 pag,
1251 4421 1323 4515 294
1349 4441 1563 4506 exoptarent,
1606 4453 1683 4528 pag,
1712 4430 1784 4501 306
1807 4447 1979 4512 πετασμας
2015 4455 2094 4531 pag,
2130 4427 2204 4502 509
2228 4447 2432 4516 aesopiam

408 4573 487 4650 pag.
517 4549 589 4644 324
615 4549 798 4650 negotium
824 4567 1002 4634 εμποριοςς
1032 4573 1111 4652 pag.
1139 4549 1210 4622 585
1238 4569 1406 4628 απὲκθπηῖ
1438 4577 1516 4656 pag.
1545 4552 1617 4624 125
1641 4553 1929 4654 angarimvemnt.

1359 4732 1393 4832 §-
1430 4732 1490 4806 ss.

514 4873 557 4938 ln
582 4866 789 4940 universum
814 4867 1051 4944 iudicantibus
1076 4893 1152 4946 non
1177 4869 1303 4944 eadem
1328 4870 1374 4945 de
1400 4896 1503 4948 causa
1525 4871 1615 4946 baec
1640 4873 1759 4948 omnia
1775 4871 1923 4974 repetita
1938 4895 2013 4946 este
2029 4869 2253 4948 videbuntur.
2299 4875 2432 4946 Partim

410 4987 508 5060 enim
535 4986 667 5062 iccirco
692 4989 854 5090 apposita
879 5015 953 5064 esse
978 4991 1163 5082 videntur,
1200 5011 1241 5064 ut
1273 5015 1348 5090 quo
1379 4993 1463 5070 loeo
1496 4995 1541 5070 de
1575 5021 1614 5070 re
1647 4993 1801 5095 quadarn
1831 4993 1966 5070 mentio
1999 4993 2128 5077 iniecta
2158 4995 2204 5068 sit
2234 4995 2370 5072 solius
2392 4997 2433 5070 in

410 5109 535 5181 oculos
573 5109 729 5184 incurrat
765 5111 896 5216 partim
944 5112 1026 5186 artis
1072 5113 1327 5216 etymologicus
1371 5117 1610 5219 experimenta
1652 5141 1762 5216 eaque
1806 5115 1901 5190 haud
1936 5115 2047 5192 semel
2083 5137 2310 5194 monstruosa
2342 5121 2432 5196 facta
